2050 3292
232 203 324 230 CAP.
341 192 485 246 xxvir]
704 204 838 235 LIBER
866 203 1075 236 TERTIUS.

293 309 519 357 Capitulum
557 316 738 344 octavum
775 309 1015 344 declarando
1049 309 1304 345 concordiam
1341 310 1541 346 sentencie

234 366 386 403 domini
432 365 738 413 Archidyaconi‚
791 366 967 402 declarat
1011 366 1140 413 primo
1184 368 1389 414 quomodo
1434 367 1541 403 dives

234 436 385 472 pauper
434 420 628 470 accipitur
681 423 954 471 multipliciter
1007 423 1047 459 in
1099 424 1316 471 scriptura3
1367 426 1541 460 secundo

235 482 409 518 declarat
450 493 513 516 sex
547 481 820 517 conclusiones
854 493 922 528 per
961 481 1160 518 ordinem:
1201 481 1329 528 prima
1363 484 1470 529 quod
1502 482 1542 517 in

201 538 394 575 §Christo
439 538 574 574 fuisset
617 538 863 585 superfluum
910 537 1022 574 civile
1075 538 1312 585 dominium,
1367 541 1541 575 secunda

236 597 345 645 quod
359 604 515 632 utentes
539 595 684 632 eisdem
702 595 854 631 ditandi
878 595 1084 643 principiis
1106 595 1286 644 positivis
1310 596 1542 632 formalibus

235 662 391 690 servant
429 666 501 701 pro
539 661 644 689 statu
686 653 880 700 presentis
914 653 1073 689 miserie
1106 653 1340 690 altissimam
1375 667 1542 702 pauper-

236 720 371 754 tatem,
406 710 550 759 quibus
582 710 815 747 innocenter
846 710 1019 747 viventes
1057 710 1098 746 in
1138 720 1241 747 statu
1274 711 1443 759 ingenue
1475 724 1543 747 sue

237 768 413 817 primeve
436 767 599 815 originis
623 767 807 804 ditissimi
832 768 1062 811 extitissent,
1088 768 1211 804 tercia
1234 768 1340 816 quod
1364 769 1543 805 Christus

184 827 383 864 ionedum
423 825 472 861 sit
516 837 680 873 pauper,
724 826 791 862 sed
833 824 957 862 eciam
999 838 1153 862 summe
1191 839 1355 874 pauper,
1401 835 1544 874 quarta

236 884 382 920 nedum
415 891 472 919 est
505 882 745 919 catholicum
780 884 886 930 quod
921 883 1102 920 Christus
1140 883 1214 919 fuit
1252 884 1542 931 pauperrimus,

237 942 302 978 sed
337 940 595 989 pertinaciter
628 940 837 977 defendere
876 941 1105 988 oppositum
1148 953 1190 977 ex
1231 940 1400 977 maxime
1434 942 1542 977 here-

238 998 359 1035 ticum
395 1006 432 1034 et
464 998 607 1045 allegat
639 998 688 1034 ad
721 998 796 1034 hoc
829 999 1069 1035 decretalem
1103 998 1238 1043 Exiit;
1275 998 1413 1047 quinta
1452 1011 1541 1035 cum

239 1056 418 1092 Christus
457 1057 602 1092 nedum
645 1068 725 1092 non
757 1055 945 1092 iudicavit
978 1055 1157 1102 civiliter,
1198 1058 1266 1092 sed
1298 1056 1544 1104 impossibile

186 1118 220 1149 15
237 1114 307 1150 fuit
358 1113 488 1161 ipsum
542 1112 709 1149 civiliter
755 1113 946 1159 iudicare,
998 1125 1174 1150 asserere
1220 1113 1314 1162 quia
1358 1113 1546 1150 iudicavit

239 1170 405 1208 civiliter
437 1180 493 1207 est
516 1183 625 1207 error
648 1170 895 1218 periculosus
919 1171 1118 1218 religionis
1143 1170 1290 1208 Christi
1312 1170 1545 1207 seculariter

237 1228 467 1265 tardativus.
521 1230 636 1265 Sexta
675 1228 880 1264 conclusio
920 1230 1026 1276 quod
1065 1236 1279 1276 paupertas
1320 1228 1545 1276 evangelica

238 1285 481 1334 inpertinens
505 1285 744 1334 possessioni
768 1286 1064 1333 temporalium,
1089 1287 1157 1322 sed
1181 1287 1345 1322 modum
1371 1285 1544 1322 habendi

238 1343 466 1392 respiciens,
500 1352 629 1391 potest
652 1356 740 1379 cum
765 1352 978 1390 augmento
1002 1343 1233 1379 diviciarum
1265 1356 1371 1380 nunc
1394 1343 1542 1390 augeri,

182 1415 223 1437 20
238 1414 343 1437 nunc
377 1401 512 1444 minui,
545 1401 647 1437 sicut
680 1410 840 1437 econtra
875 1410 1005 1449 potest
1038 1414 1127 1437 cum
1152 1401 1382 1449 privacione
1404 1414 1543 1438 eorum

238 1472 344 1495 nunc
378 1458 517 1502 minui,
549 1471 654 1495 nunc
689 1458 838 1505 augeri.
880 1458 1031 1495 Ultimo
1066 1460 1307 1495 declarando
1340 1460 1544 1507 quomodo

238 1525 395 1564 oportet
440 1516 561 1552 vitam
611 1516 755 1552 Christi
808 1528 890 1552 esse
941 1517 1142 1564 exemplar
1195 1516 1418 1565 cuicunque
1468 1515 1545 1553 vite

239 1573 453 1610 Christiani
510 1573 700 1610 laudabili
757 1573 881 1610 obicit
938 1574 1146 1622 tripliciter
1205 1583 1344 1610 contra
1397 1573 1545 1610 Christi

238 1631 470 1680 pauperiem
505 1640 541 1667 et
573 1630 751 1668 dissolvit
784 1640 856 1669 etc.

182 1693 222 1725 25
297 1689 525 1737 Capitulum
558 1702 709 1725 nonum
743 1690 919 1725 declarat
951 1691 1154 1737 quomodo
1186 1702 1267 1726 non
1300 1698 1358 1726 est
1390 1688 1545 1725 consilii

239 1746 453 1794 evangelici
505 1747 613 1794 quod
661 1759 832 1795 persona
876 1747 1040 1783 ecclesie
1082 1746 1229 1794 obliget
1272 1759 1311 1783 se
1351 1755 1545 1795 perpetuo

121 1810 202 1843 262b
240 1806 289 1841 ad
311 1803 535 1841 carenciam
559 1804 818 1852 possessionis
834 1806 893 1840 vel
908 1817 1001 1841 usus
1019 1804 1231 1852 singularis
1247 1804 1544 1852 temporalium,

240 1874 357 1911 quem
391 1874 471 1898 non
502 1862 593 1898 licet
631 1875 703 1909 pro
740 1862 829 1898 loco
862 1871 899 1899 et
931 1871 1112 1910 tempore
1144 1862 1311 1909 variare,
1351 1863 1418 1898 sed
1451 1861 1545 1898 satis

241 1919 596 1963 estChristianurn
639 1932 727 1956 cum
762 1922 844 1957 Deo
877 1931 1049 1968 pangere
1081 1921 1188 1968 quod
1222 1932 1303 1956 non
1336 1928 1547 1956 consumat

185 1985 225 2017 30
239 1978 299 2014 vel
336 1985 504 2024 occupet
543 1978 647 2013 bona
686 1977 850 2014 ecclesie
895 1977 968 2013 nisi
1009 1978 1057 2013 de
1090 1985 1239 2026 quanto
1273 1990 1373 2026 opus
1406 1986 1464 2013 est
1497 1978 1546 2013 ad

240 2048 354 2071 suurn
387 2034 578 2071 officium.
631 2035 681 2070 Et
712 2035 917 2071 inferendo
950 2044 1028 2071 tres
1061 2034 1337 2071 conclusiones
1371 2035 1548 2071 declarat

240 2091 436 2140 triplicem
481 2105 596 2129 usum
641 2092 936 2140 possessionum
981 2101 1099 2141 atque
1145 2092 1326 2138 dominii,
1372 2092 1547 2128 secundo

242 2149 437 2187 movendo
470 2149 633 2186 dubium
667 2152 695 2186 si
728 2152 866 2186 Petrus
899 2149 970 2186 fuit
1010 2149 1296 2198 proprietarius
1329 2158 1420 2198 post
1451 2162 1546 2197 apo·

241 2208 427 2244 stolatum
455 2220 507 2244 >ex
538 2208 626 2252 hoc,
661 2210 768 2256 quod
800 2208 942 2255 legitur
973 2207 1158 2244 habuisse
1181 2220 1338 2254 navem,
1371 2207 1548 2244 dissolvit

184 2272 224 2305 35
242 2265 406 2302 dubium
441 2274 478 2301 et
509 2265 715 2302 recitando
747 2266 897 2313 glossas
936 2266 1116 2313 palliatas
1150 2265 1408 2302 conciliorum
1442 2264 1547 2312 ipsas

241 2323 444 2372 specificat
495 2331 531 2359 et
575 2323 787 2360 confirmat
839 2336 881 2360 ex
933 2323 1134 2359 sentencia
1186 2324 1290 2360 Bede
1341 2323 1547 2370 quomodo

196 2422 199 2425 ἢ
241 2381 490 2429 proprietatis
524 2380 687 2417 affeccio
715 2390 771 2417 est
793 2380 1072 2418 dissolucionis
1096 2380 1322 2417 Christiane
1345 2379 1548 2428 religionis

242 2451 362 2475 causa
405 2436 609 2486 precipua,
653 2438 778 2475 tercio
817 2440 944 2486 arguit
987 2438 1198 2486 tripliciter
1235 2446 1373 2474 contra
1413 2437 1545 2474 fucum

243 2496 441 2533 dicentem
475 2497 582 2544 quod
613 2495 779 2532 consilia
810 2509 891 2532 non
923 2495 1102 2543 obligant
1134 2495 1373 2543 generaliter
1406 2504 1442 2531 et
1474 2508 1547 2543 pro

183 2566 410 2601 4osemper,
451 2554 671 2601 detegendo
710 2566 868 2590 sensum
908 2553 1077 2590 istorum
1116 2565 1233 2602 neque
1264 2554 1359 2589 duas
1390 2560 1544 2589 tantum

242 2611 390 2647 tunicas
425 2612 605 2657 habeatis,
647 2612 845 2657 addendo,
885 2613 992 2659 quod
1032 2612 1078 2647 de
1112 2619 1263 2659 quanto
1297 2610 1547 2647 Christianus

242 2668 336 2705 vivit
378 2668 560 2705 striccius
603 2668 642 2704 in
683 2669 913 2705 esculenciis
953 2678 989 2705 et
1021 2667 1260 2716 tegumentis
1294 2681 1381 2704 cum
1417 2680 1547 2704 corre-

243 2726 487 2774 spondencia
532 2727 686 2762 habitus
730 2726 886 2775 mentis,
940 2728 986 2762 de
1025 2735 1137 2762 tanto
1174 2725 1267 2762 vivit
1305 2725 1546 2773 religiosius;

244 2792 387 2834 quarto
431 2783 549 2822 obicit
588 2782 798 2831 tripliciter
837 2785 1045 2832 probando
1085 2782 1393 2821 sollicitudinem
1427 2782 1547 2822 licere

1745 198 1820 245 651

1603 319 1780 355 Summam.

1593 365 1690 400 Chap.
1713 365 1792 393 VIII.

1613 1700 1710 1734 Chap.
1733 1700 1781 1726 IX.
