2050 3292
95 2588 157 2620 207

159 860 194 879 {o

159 1435 197 1455 20

209 219 298 248 CAP.
318 209 449 264 xxiii]
677 218 813 249 LIBER
840 215 1050 248 TERTlUS.
1721 213 1801 251 509

208 328 260 363 Et
289 327 323 363 si
353 326 569 376 oportuerit
591 337 650 361 me
674 325 776 361 mori
797 330 932 368 tecum,
967 334 1039 358 non
1062 329 1098 357 te
1120 321 1288 371 negab0;
1319 333 1391 356 nec
1413 320 1516 356 valet

208 394 338 421 toturn
369 385 438 421 sed
482 392 672 431 aggravat
714 381 790 418 nisi
834 393 924 417 cum
958 380 1110 416 fervore
1148 377 1376 416 devocionis
1410 390 1516 414 corn-

210 442 374 478 missum
420 440 552 478 fuerit.
605 442 653 476 Et
698 441 769 476 hec
815 438 922 475 racio
967 449 1090 485 quare
1128 435 1303 484 religiosi
1348 448 1391 472 ex
1423 444 1515 471 voto

210 508 411 536 merentur
456 502 514 543 (ut
557 497 708 534 dictum
755 504 811 533 est
857 495 1032 543 capitulo
1064 524 1072 532 .
1098 522 1137 532 ..
1163 493 1278 530 huius
1322 492 1512 538 secundi).

209 560 309 595 Nam
345 557 433 593 ficte
465 557 526 592 vel
557 555 701 592 timore
735 554 866 591 servili
897 562 1083 589 voventes
1115 561 1158 587 ut
1190 550 1309 599 positi
1342 550 1382 586 in
1415 550 1516 598 peri-
1532 555 1804 594 atiscliiefofrash

209 617 297 652 culo
329 616 477 650 nedum
511 621 675 661 propter
708 613 907 648 defectum
941 610 1104 646 fervoris
1137 609 1260 645 libere
1287 608 1516 653 voluntatis,
1584 590 1748 653 Οΐγὲεῷζῖἐ

209 674 274 709 sed
321 671 414 719 quia
460 669 726 708 communiter
771 678 860 717 post
904 681 984 704 non
1028 669 1199 712 solvunt,
1244 665 1428 702 remissio
1461 665 1518 701 in-

210 729 368 766 ducitur
399 729 457 765 ve]
492 727 728 776 simpliciter
761 728 1029 762 demerentur.
1067 726 1215 761 Contra
1249 736 1349 772 quos
1373 722 1518 760 dicitur

211 788 420 833 Eccles.V,
445 798 481 836 3,
508 799 550 834 4:
587 785 628 821 Si
657 785 748 834 quid
766 784 904 820 vovisti
934 785 1031 833 Deo7
1065 795 1109 818 ne
1142 782 1308 818 moreris
1340 782 1517 825 reddere,

211 845 384 894 displicet
427 845 523 880 enim
558 844 590 880 ei
621 843 784 892 infidelis
818 850 852 878 et
882 842 999 877 stulta
1026 840 1249 890 promissio,
1281 839 1368 888 quia
1401 839 1519 874 multo

212 903 346 939 melius
385 910 440 938 est
478 914 550 937 non
591 912 742 943 vovere,
787 912 899 948 quam
936 907 1025 948 post
1058 905 1186 934 votum
1216 897 1413 946 promissa
1447 909 1519 932 non

211 961 389 997 reddere.
443 961 490 995 Et
525 961 636 995 Prov.
669 959 757 1003 XX,
793 969 863 1006 25:
904 957 1029 992 Ruina
1067 963 1122 992 est
1153 955 1300 991 homini
1330 955 1521 990 devorare

210 1025 363 1054 sanctos
395 1024 430 1053 et
456 1025 546 1066 post
580 1023 665 1052 vota
689 1023 919 1052 retractare.
954 1015 1046 1050 Ideo
1070 1013 1229 1049 Psalmo
1254 1013 1366 1057 LXV,
1389 1023 1450 1060 13,
1474 1023 1521 1059 14

161 1082 174 1093 ⁵
212 1075 307 1112 dicit
344 1074 489 1112 David:
520 1080 523 1125 Ι
553 1074 728 1110 Reddam
777 1073 845 1109 tibi
888 1079 975 1108 vota
1020 1083 1103 1107 mea
1147 1083 1218 1119 que
1262 1070 1522 1106 distinxerunt

212 1133 312 1169 labia
357 1145 455 1169 mea.
507 1134 575 1168 Est
620 1130 724 1168 enirn
773 1130 986 1167 difficultas
1030 1128 1184 1166 clericis
1216 1127 1522 1176 possessionatis

211 1190 445 1227 voventibus
478 1198 757 1238 paupertatem
791 1190 841 1225 ad
874 1200 995 1236 quarn
1029 1189 1133 1223 bona
1166 1198 1237 1222 sua
1261 1187 1407 1222 debent
1439 1197 1522 1221 esse

213 1247 457 1285 communia.
491 1248 541 1283 Et
563 1247 720 1283 videtur
744 1245 865 1282 michi
889 1246 997 1294 quod
1027 1245 1129 1281 sicut
1162 1244 1307 1291 duplex
1339 1252 1396 1279 est
1428 1255 1521 1278 usus

213 1308 410 1343 bonorum
446 1304 623 1349 ecclesie,
671 1304 726 1341 sic
769 1305 887 1340 debet
931 1315 1015 1339 esse
1059 1303 1203 1349 duplex
1242 1313 1379 1338 eorum
1415 1313 1524 1337 com-

214 1364 398 1401 munitas.
442 1363 596 1411 Aliquis
629 1362 733 1398 enim
767 1374 861 1398 usus
906 1370 963 1397 est
1009 1359 1242 1408 spiritualis,
1281 1358 1522 1395 insensibilis
1538 1367 1814 1401 Thepossessions

214 1431 250 1458 et
293 1421 461 1465 subtilis,
508 1420 575 1468 qui
621 1419 812 1467 competit
857 1418 1040 1455 interiori
1084 1417 1251 1463 homini,
1300 1417 1520 1453 secundum
1556 1402 1797 1464 bssssi‘ffffiffiffid

213 1481 321 1528 quod
353 1478 479 1515 saciat
509 1479 570 1514 vel
607 1477 796 1515 terminat
827 1478 1074 1513 voluntatem
1116 1477 1181 1523 (de
1214 1487 1293 1523 quo
1327 1474 1404 1511 dixi
1436 1475 1522 1510 XIII
1550 1472 1803 1533 bgllcgffignggeff

216 1537 389 1585 capitulo
423 1536 539 1573 huius
560 1538 622 1584 V).
654 1535 765 1572 Alius
799 1544 933 1572 autem
956 1547 1051 1571 usus
1084 1542 1142 1570 est
1171 1532 1406 1581 corporalis,
1439 1545 1526 1569 sen·
1626 1541 1720 1567 them.

212 1595 337 1631 sibilis
383 1594 462 1631 sive
512 1605 689 1642 grossus;
744 1593 937 1641 competit
991 1591 1170 1629 exteriori
1215 1590 1383 1635 homini,
1430 1592 1524 1626 dum

212 1652 337 1689 saciat
369 1653 430 1689 vel
467 1651 657 1688 terminat
694 1651 931 1699 appetitum.
985 1650 1142 1687 Primus
1187 1662 1282 1685 usus
1324 1650 1522 1685 bonorum

214 1710 379 1747 ecclesie
423 1711 539 1746 debet
583 1711 633 1746 ad
676 1718 801 1745 totam
837 1707 1047 1745 ecclesiam
1086 1720 1126 1743 se
1160 1708 1382 1753 extendere,
1430 1708 1523 1742 durn

214 1767 359 1805 sanctis
391 1767 589 1804 viantibus
623 1768 849 1815 complacet
882 1768 932 1803 ad
965 1768 1114 1802 bonurn
1149 1766 1197 1801 de
1226 1765 1338 1801 omni
1371 1777 1444 1801 usu
1466 1764 1528 1800 vel

215 1825 530 1874 consumpcione
559 1827 756 1861 bonorum
788 1823 971 1871 ecclesie,
1006 1832 1043 1860 et
1060 1824 1186 1859 multo
1220 1822 1346 1870 magis
1379 1821 1527 1859 sanctis

214 1884 253 1920 in
281 1883 411 1931 patria
434 1892 470 1919 et
494 1882 620 1919 beatis
643 1882 682 1918 in
706 1883 805 1932 celo,
829 1881 973 1931 quibus
996 1890 1161 1929 propter
1184 1880 1524 1928 inperfeccionem

214 1954 307 1978 usus
351 1942 527 1978 secundo
573 1942 692 1977 modo
736 1953 818 1976 non
863 1939 1068 1988 competit.
1121 1940 1265 1984 Quoad
1309 1939 1526 1975 secundam

160 2030 166 2034 .
215 1998 633 2036 comniunicacionem
679 2000 878 2034 bonorum
922 1999 960 2033 in
1004 1998 1180 2033 secundo
1224 2008 1298 2032 usu
1336 1995 1528 2044 palpabili

215 2058 454 2101 notandum,
488 2058 595 2104 quod
628 2055 729 2092 sicut
762 2055 899 2092 omnia
931 2057 1038 2092 bona
1070 2053 1235 2092 ecclesie
1266 2055 1412 2091 debent
1445 2066 1528 2090 esse

211 2114 287 2151 -toti
332 2114 496 2151 ecclesie
541 2116 674 2162 quoad
719 2113 967 2162 spiritualem
1014 2125 1130 2148 usum
1183 2111 1427 2160 communia,
1472 2110 1528 2147 sic

217 2174 361 2209 debent
406 2184 490 2208 esse
535 2173 669 2220 quoad
715 2172 966 2219 corporalem
1000 2183 1130 2216 usum,
1178 2170 1272 2218 quia
1305 2169 1529 2217 cuicunque

218 2229 412 2278 indigenti
443 2229 651 2266 assistente
685 2229 767 2265 eius
801 2228 1024 2276 capacitate
1055 2229 1116 2264 vel
1140 2227 1334 2275 dignitate
1358 2226 1528 2275 cognita.

218 2288 329 2325 Sicut
362 2287 466 2324 enim
508 2286 731 2323 dominium
778 2286 910 2334 gracie
954 2299 994 2322 se
1040 2287 1254 2322 extendens
1299 2286 1349 2321 ad
1393 2283 1529 2320 omnia

218 2348 322 2382 bona
346 2346 504 2382 fortuna
529 2344 843 2393 presupponitur
867 2353 908 2380 ut
931 2344 1239 2381 fundamentum
1263 2344 1313 2379 ad
1345 2342 1526 2379 strictum

193 2403 330 2440 -civile
364 2402 601 2449 dominium,
635 2403 691 2439 sic
723 2415 817 2439 usus
851 2402 1167 2449 correspondens
1201 2399 1326 2449 priori
1350 2399 1529 2437 dominio

219 2463 438 2498 secundum
483 2460 834 2509 proporcionalem
889 2459 1160 2496 extensionem
1214 2457 1529 2506 presupponitur

220 2521 269 2556 ad
302 2532 416 2555 usum
452 2518 709 2566 palpabilem.
743 2518 868 2554 Aliter
902 2517 1006 2553 enim
1043 2526 1099 2553 est
1132 2513 1321 2568 abusus}

276 2578 332 2612 Ex
375 2589 455 2624 quo
499 2576 655 2612 videtur
713 2575 834 2612 michi
879 2574 1045 2611 ulterius
1090 2575 1198 2623 quod
1242 2583 1348 2610 totus
1388 2574 1529 2615 clerus,

219 2646 357 2671 omnes
402 2643 439 2670 et
484 2633 628 2682 singuli
675 2635 865 2670 habentes
898 2631 1345 2681 superhabundanciam
1378 2640 1531 2679 tempo-

287 2821 326 2840 21.
346 2811 577 2849 Cod.:sc1cz'at.
