2050 3292
202 241 283 279 540
918 237 975 269 DE
1003 237 1138 269 ClVlLl
1166 237 1375 269 DOM1NIO.
1559 223 1668 279 [CAP.
1688 232 1797 262 xxm.

488 346 543 381 Ve
575 344 690 381 nobis
736 343 894 388 curatis,
953 342 1022 391 qui
1065 344 1212 379 nedum
1257 342 1485 390 symoniace
1529 342 1797 391 perquirimus

487 403 710 451 prelaturas
742 402 810 437 sed
845 400 1084 437 dimittendo
1107 400 1228 436 vitam
1251 400 1515 448 apostolicam
1539 400 1795 442 securiorem,

488 461 633 497 nedum
669 458 849 507 eligimus
884 458 1027 504 curari,
1073 459 1141 494 sed
1175 457 1314 506 pocius
1348 466 1510 506 propter
1542 467 1725 506 questum
1760 467 1798 494 et

487 518 629 554 fastum
665 529 787 565 quam
819 525 983 564 propter
1015 516 1184 552 salutem
1217 515 1349 552 anime
1388 516 1655 553 subditorum.
1708 518 1798 552 Non

489 576 592 612 enim
639 575 796 611 videtur
839 573 935 622 quin
980 573 1147 621 quilibet
1190 582 1370 609 nostrum
1416 573 1465 609 sit
1511 573 1713 621 negligens
1761 575 1831 609 et5

488 642 775 681 contempnens
814 641 851 667 et
890 644 960 679 per
993 643 1240 679 consequens
1279 633 1547 678 preponderat
1585 630 1796 668 consilium

488 690 715 739 instigantis
759 691 807 725 ad
854 691 929 726 hoc
974 689 1142 726 consilio
1176 688 1339 724 Domini
1384 688 1423 724 in
1457 701 1605 728 amore.
1656 691 1797 726 Nonne

489 749 616 785 sciens
641 747 786 785 Christi
820 746 1031 784 consilium
1067 755 1104 783 et
1137 747 1265 794 ipsum
1299 745 1474 783 abiciens
1507 755 1725 794 occupatus
1759 747 1798 782 in

488 807 675 855 opposito
698 805 863 853 negligit
885 806 1002 841 verba
1022 804 1117 840 Dei?
1151 806 1261 841 Patet
1294 817 1338 840 ex
1370 805 1562 852 parabola
1586 804 1798 841 Salvatoris

486 865 609 901 Math.
633 864 736 900 XXII
759 864 807 899 de
828 862 980 899 vocatis
1013 864 1062 899 ad
1094 862 1261 910 nupcias
1294 863 1402 910 quod
1432 862 1507 907 sic;
1542 874 1585 898 ex
1606 862 1693 901 Joh.
1715 863 1800 898 XIV
1820 871 1856 892 10

488 931 597 970 patet
619 922 744 970 (quod
766 921 871 957 idem
890 923 981 965 est):
1017 923 1145 956 Deum
1169 919 1330 967 diligere
1352 921 1412 956 vel
1445 916 1800 973 contempnerel...

490 989 526 1017 et
571 979 626 1016 sic
671 978 778 1015 affici
820 978 949 1015 verbis
994 978 1093 1021 suis;
1139 978 1212 1014 ista
1257 977 1422 1014 dixerim
1466 977 1559 1014 licet
1590 977 1801 1014 videantur
1840 979 1919 1019 219⁰

489 1039 589 1074 dura
620 1046 663 1073 ut
695 1049 766 1085 ego
801 1049 889 1072 cum
938 1035 1059 1072 michi
1099 1035 1327 1072 consentire
1370 1035 1594 1072 volentibus
1637 1035 1801 1072 timeam

489 1097 575 1144 plus
620 1107 799 1143 peccare.
845 1093 937 1131 Scio
971 1093 1134 1142 quidem
1166 1095 1274 1142 quod
1320 1093 1508 1129 minimus
1540 1094 1653 1130 locus
1686 1092 1800 1129 datus

489 1154 661 1202 dyabolo
694 1152 876 1188 debilitat
908 1151 1117 1189 viatorem.
1151 1152 1243 1187 Ideo
1268 1151 1426 1199 expedit
1449 1163 1691 1198 cognoscere
1710 1163 1800 1199 pee-
1821 1150 1856 1182 15

489 1220 577 1248 cata
611 1223 656 1247 ac
689 1222 828 1246 eorum
862 1209 1078 1254 maliciam,
1112 1222 1160 1245 ne
1194 1209 1347 1245 scabies
1380 1221 1403 1245 a
1424 1221 1595 1257 persona
1617 1217 1801 1257 surrepat

489 1269 527 1305 in
572 1269 769 1317 populum
813 1277 849 1304 et
894 1267 1053 1304 demum
1092 1267 1132 1302 in
1167 1267 1307 1303 maiori
1341 1276 1454 1314 parte
1490 1266 1679 1303 intoxicet
1710 1279 1801 1303 oves

490 1326 650 1365 Christi.
1005 1371 1008 1375 Ι

219 1423 224 1427 ,
259 1387 428 1435 Ιὲηοΐᾱηςθ
546 1387 601 1421 Ex
633 1383 717 1420 istis
751 1382 952 1431 colligitur
974 1384 1082 1431 quod
1105 1382 1339 1430 ignoraucia
1362 1382 1515 1430 peccati
1538 1395 1619 1419 non
1643 1390 1800 1419 excusat
1838 1382 1869 1411 M

218 1422 457 1484 ¹⁵ass¹¹¹0³ssclff2¹0¹iy
489 1442 723 1490 simpliciter
754 1443 822 1478 sed
855 1441 895 1477 in
929 1449 1060 1489 parte3
1094 1442 1203 1489 quod
1236 1449 1369 1476 autem
1408 1440 1449 1476 in
1482 1449 1595 1488 parte
1628 1447 1799 1485 excusat,
1817 1448 1858 1470 20

489 1509 599 1549 patet
622 1512 665 1536 ex
690 1500 765 1535 hoc
800 1500 907 1547 quod
931 1498 1059 1535 omnis
1084 1511 1254 1546 peccans
1277 1497 1484 1534 venialiter
1507 1507 1564 1534 est
1592 1497 1800 1545 ignorans3

489 1571 561 1595 nec
614 1566 671 1594 est
722 1557 812 1593 talis
865 1556 1098 1604 ignorancia
1146 1555 1426 1604 dampnabilis,
1479 1557 1547 1592 sed
1591 1563 1801 1604 peccatum

489 1616 620 1664 ipsum
654 1627 902 1663 consequens
926 1623 983 1651 est
1007 1614 1171 1662 dignum
1194 1613 1309 1650 venia
1333 1615 1359 1651 I.
1375 1612 1507 1652 Thim.
1532 1616 1557 1663 I,
1586 1624 1652 1663 13:
1686 1613 1803 1649 Prius

490 1674 704 1722 blasfemiis
725 1673 796 1722 sui
826 1680 862 1709 et
888 1680 1120 1721 persecutor
1142 1680 1177 1707 et
1209 1671 1517 1716 contumeliosus,
1551 1673 1619 1707 sed
1651 1670 1801 1709 miseri-

491 1731 665 1768 cordiam
699 1731 775 1767 Dei
817 1737 1042 1766 consecutus
1072 1742 1169 1776 sum,
1216 1729 1303 1778 quia
1336 1729 1526 1779 ignorans
1556 1729 1645 1778 feci
1680 1729 1715 1764 in
1749 1728 1858 1764 iri-25

491 1789 730 1825 credulitate.
784 1790 884 1824 Nam
929 1789 1015 1827 Act.
1040 1789 1136 1831 VIII,
1171 1799 1193 1836 3
1241 1786 1387 1823 dicitur
1431 1786 1539 1835 quod
1583 1795 1667 1823 erat
1710 1798 1803 1822 con-

491 1847 672 1883 senciens
705 1846 792 1882 neci
816 1845 1021 1894 Stephani.
1056 1845 1326 1882 Confirmatur
1358 1844 1483 1881 tercio
1517 1856 1560 1880 ex
1591 1845 1668 1881 hoc
1697 1844 1803 1893 quod

492 1906 586 1941 Luc.
619 1904 760 1949 XXIII,
795 1916 848 1953 34
881 1912 969 1940 orat
1003 1903 1181 1940 Christus
1215 1911 1369 1950 patrem
1415 1902 1607 1938 dimittere
1638 1902 1803 1953 ignaris,

490 1963 577 2012 quia
620 1962 791 1999 nesciunt
834 1962 925 2010 quid
958 1961 1127 2010 faciunt.
1183 1962 1270 1997 Non
1309 1973 1402 2008 ergo
1443 1960 1570 1996 oravit
1608 1972 1680 2008 pro
1713 1959 1802 2009 illis,

491 2020 566 2057 nisi
610 2020 678 2069 qui
725 2028 837 2056 erant
870 2018 980 2067 digni
1011 2019 1126 2055 venia
1160 2027 1197 2055 et
1229 2017 1546 2054 misericordiam
1587 2017 1803 2065 consecuti,
1820 2016 1862 2048 30

491 2087 534 2114 ut
557 2077 654 2114 dicit
676 2078 934 2114 Bernhardus
955 2078 1039 2113 VIII
1065 2076 1240 2124 capitulo
1263 2075 1364 2112 libro
1389 2078 1444 2112 De
1468 2075 1800 2123 Dispensacione:

492 2136 534 2171 Si
576 2135 672 2172 enim
707 2135 988 2185 cognovissent,
1032 2146 1224 2183 nunquam
1271 2134 1466 2170 dominum
1510 2134 1640 2184 glorie
1682 2133 1803 2169 cruci-

492 2194 690 2242 fixissent,
738 2200 777 2228 ut
821 2192 912 2228 dicit
944 2193 1151 2241 Apostolus
1184 2193 1211 2227 I.
1241 2192 1332 2229 Cor.
1363 2192 1420 2236 J[‚·
1464 2200 1501 2227 et
1540 2191 1632 2228 hinc
1665 2193 1803 2228 beatus

492 2252 630 2287 Petrus
662 2253 750 2288 Act.
784 2252 813 2286 II
848 2251 899 2299 38
944 2249 1155 2298 predicans
1187 2248 1320 2285 Judeis
1360 2249 1427 2297 qui
1466 2260 1586 2297 opere
1619 2249 1677 2285 vel
1711 2261 1804 2285 con—

492 2321 608 2345 sensu
642 2308 845 2345 Christum
880 2307 1170 2354 crucifixerant,
1204 2309 1300 2343 dum
1334 2306 1506 2343 consulit
1539 2306 1592 2343 eis
1625 2315 1667 2343 ut
1695 2307 1802 2354 peni-
1821 2302 1859 2335 35

492 2367 654 2403 tenciam
688 2372 850 2417 agerent
881 2366 1082 2415 baptisati,·
1109 2366 1113 2413 Ι
1141 2366 1227 2401 Act.
1263 2366 1309 2401 III
1343 2364 1566 2412 subiungit:
1601 2364 1636 2400 in
1669 2364 1803 2400 remis·
1845 2359 1924 2403 2¹9⁶

491 2425 636 2461 sionem
681 2423 849 2472 peccati.
907 2425 1025 2469 Quod
1072 2431 1204 2459 autem
1252 2422 1485 2471 ignorancia
1531 2434 1613 2458 non
1646 2431 1804 2458 excusat

493 2481 741 2530 simpliciter,
774 2489 881 2529 patet
915 2493 959 2517 ex
992 2482 1067 2517 hoc
1100 2482 1206 2529 quod
1239 2488 1332 2517 tunc
1361 2492 1479 2516 nemo
1503 2481 1802 2527 dampnaretur,

562 2622 590 2648 6.
618 2621 712 2649 Cod.:
743 2621 913 2648 concilium.
1006 2626 1039 2647 ¹1.
1069 2623 1301 2654 contempnere,·
1333 2627 1374 2646 sc.
1402 2619 1555 2646 mundum.
1638 2618 1680 2646 23.
1709 2617 1803 2646 Cod.:

488 2654 871 2718 pgmgsgblYilaggffi·Cod.2
891 2654 971 2682 Luce
999 2653 1091 2682 XXII.
1159 2653 1206 2682 36.
1230 2654 1324 2681 Cod.:
1346 2654 1375 2680 in
1398 2654 1490 2681 deest.
1573 2651 1619 2688 36,
1640 2652 1683 2688 37.
1707 2653 1801 2680 Cod.:

564 2785 615 2818 31.
658 2785 708 2815 De
750 2784 941 2825 Praecepto
991 2790 1023 2814 et
1064 2783 1329 2825 Dispensatione
1378 2792 1450 2824 cap.
1492 2782 1563 2826 XII,
1605 2791 1682 2823 pag.
1726 2790 1803 2824 929.

496 2829 548 2862 36.
575 2830 626 2862 Cf.
655 2832 726 2863 Act.
754 2830 806 2871 111,
830 2839 877 2871 17.
