2050 3292
271 214 359 242 CAP.
381 206 478 259 xxi]
741 217 873 248 LIBER
899 217 1110 249 TERTqu.
1782 218 1863 257 453

268 322 491 371 plecionem
534 324 664 371 operis
708 321 933 369 occisionis,
979 322 1082 359 sicut
1120 335 1200 359 non
1234 331 1290 359 est
1330 322 1485 359 adulter
1515 321 1577 359 vel

269 382 478 427 homicida,
524 380 616 417 licet
660 380 839 428 perficiat
882 380 1103 427 quamlibet
1154 388 1380 417 creaturam
1426 388 1462 415 et
1506 392 1578 427 per

153 438 230 474 183*b
269 450 516 486 consequens
560 450 681 473 omne
724 450 825 485 opus
868 449 938 485 per
982 438 1088 485 quod
1126 437 1295 485 irregula
1324 434 1328 489 Ι
1356 438 1450 473 ritas
1484 449 1577 473 con·
1819 479 1824 483 ⁴

267 497 436 532 trahitur
479 496 519 531 in
564 507 735 543 persona
779 496 928 542 capaci.
975 497 1078 531 Deus
1123 497 1226 531 enim
1272 496 1371 531 bene
1410 495 1501 531 facit
1540 479 1864 549 εῑιᾶξζὲτῗὲξῐέιὲο

235 553 437 589 5ministri
474 554 546 589 Dei
584 553 684 600 layci
723 553 830 601 quod
868 553 1096 589 sacerdotes
1134 551 1400 600 irregulariter
1438 564 1578 600 perpe·
1620 548 1840 611 siffvffldvssgat

266 619 432 657 trarent‚
479 623 569 647 cum
614 618 854 658 usurparent
898 610 1075 647 officium
1110 612 1223 646 Petro
1262 610 1505 658 prohibitum
1540 617 1577 646 et
1628 617 1829 657 irregularin

266 660 344 716 per*
369 680 618 716 consequens
651 668 807 704 cuilibet
845 667 928 704 eius
958 667 1126 715 vicario3
1164 668 1431 715 irregularitas
1469 665 1575 704 enim
1667 656 1789 687 priests.

265 726 395 762 solum
428 726 546 762 habet
580 726 662 762 fieri
693 727 797 763 circa
823 724 1098 772 christianum,
1131 724 1222 761 ideo
1246 727 1329 762 Deo
1351 725 1412 761 vel
1434 724 1576 772 angelo

266 796 346 820 non
390 785 581 831 competit
624 784 723 819 sicut
766 795 840 820 nec
884 785 965 819 eius
1009 782 1259 831 oppositum:
1304 784 1385 819 Nec
1417 790 1576 830 oportet

213 852 251 875 10
266 842 516 878 sacerdotem
550 853 593 877 ex
625 853 821 878 consensu
858 842 1061 878 incurrere
1092 840 1437 888 irregularitatem,
1476 841 1577 876 sicut

265 912 337 936 nec
371 911 415 935 ex
447 900 743 935 ministracione
775 900 966 936 mercedis
995 899 1277 946 exequentibus
1299 900 1358 934 ius
1381 896 1576 946 principis

265 957 305 992 in
329 957 402 993 hac
425 965 551 1005 parte,
585 957 678 1004 quia
701 955 878 1004 episcopi
908 957 1168 993 consenciunt
1183 956 1291 992 omni
1323 955 1440 998 iusto,
1474 956 1575 991 sicut

264 1016 303 1050 in
348 1026 442 1050 casu
487 1015 700 1051 consulunt
745 1023 781 1051 et
825 1013 1110 1050 ministratorie
1154 1013 1291 1050 iuvant
1334 1013 1385 1049 ad
1427 1013 1575 1049 iustum

265 1072 536 1118 homicidium,
575 1072 684 1120 quod
721 1073 760 1108 in
798 1084 968 1119 persona
1007 1080 1044 1108 et
1077 1083 1198 1108 causa
1234 1083 1305 1107 sua
1339 1062 1576 1118 complenda

211 1129 394 1167 15sorent
439 1129 685 1178 irregulares,
733 1138 776 1165 ut
819 1130 1051 1166 iusticiarius
1092 1130 1193 1165 iuste
1237 1128 1575 1176 condempnando

263 1188 390 1224 furem
424 1188 587 1223 incurrit
629 1186 958 1235 irregularitatem
992 1195 1157 1235 propter
1187 1186 1477 1223 secularitatem
1508 1197 1576 1222 ne-

264 1246 381 1292 gocii;
430 1245 554 1281 multo
601 1246 724 1292 magis
769 1245 955 1282 sacerdos
1000 1243 1158 1291 Christi,
1202 1243 1234 1280 si
1277 1243 1376 1279 illud
1413 1243 1574 1288 faceret,

266 1315 355 1338 cum
394 1303 432 1338 in
470 1310 674 1339 senectute
713 1304 850 1339 matris
883 1302 1045 1339 ecclesie
1082 1301 1214 1338 officia
1246 1301 1376 1338 clerici
1408 1309 1446 1337 et
1476 1301 1576 1348 layci
1636 1296 1751 1324 Priests
1773 1304 1824 1324 ase

265 1361 409 1396 debent
442 1372 525 1396 esse
558 1359 744 1397 distincta
777 1373 853 1408 que
886 1359 926 1395 in
954 1359 1038 1396 eius
1060 1359 1235 1396 infancia
1259 1367 1372 1395 erant
1395 1358 1574 1404 confusa,
1609 1338 1703 1392 Iiitgr‘ii
1716 1332 1846 1393 cialistr¹1si¹ecri

208 1429 249 1449 20
263 1426 306 1454 ut
329 1425 438 1465 patet
459 1418 506 1454 de
530 1419 767 1463 mercanda,
802 1419 850 1454 de
874 1418 1023 1454 carnali
1051 1416 1352 1465 procreacione,
1385 1417 1433 1452 de
1456 1428 1576 1452 causa
1603 1400 1801 1462 ώᾶὲιέῐῖἃξξ,
1814 1400 1865 1427 the

263 1475 465 1523 sanguinis
505 1484 542 1512 et
581 1474 669 1512 aliis
708 1477 859 1512 actibus
899 1475 1094 1521 civilibus3
1133 1475 1261 1511 multo
1300 1473 1425 1521 magis
1458 1473 1578 1521 igitur

263 1534 302 1569 in
333 1532 489 1569 actibus
522 1532 684 1579 bellicis,
724 1535 762 1569 in
802 1533 947 1581 quibus
980 1543 1037 1569 est
1076 1532 1205 1568 maius
1237 1531 1441 1580 spirituale
1473 1530 1577 1579 peri-

264 1591 396 1627 culum
438 1599 475 1626 et
514 1591 643 1627 maior
682 1590 892 1627 distraccio
926 1592 974 1626 ab
1007 1589 1142 1626 officio
1174 1588 1407 1628 sacerdotis,
1462 1589 1577 1625 Unde

260 1661 340 1685 non
384 1649 498 1684 video
542 1648 638 1696 quin
683 1650 729 1684 sit
772 1648 992 1685 declinacio
1034 1660 1056 1684 a
1100 1647 1368 1695 religiositate,
1414 1647 1576 1695 quando

140 1706 216 1739 183ο
260 1707 446 1743 sacerdos
477 1706 618 1742 Christi
652 1706 790 1753 recipit
812 1706 990 1742 redditus
1021 1705 1082 1742 vel
1118 1700 1405 1757 procuratlvel
1437 1705 1578 1751 prebet

259 1776 498 1800 consensum
529 1772 570 1799 ut
594 1777 665 1812 pro
695 1763 921 1800 elemosinis
952 1762 1023 1800 sibi
1046 1764 1204 1810 signatis
1228 1774 1424 1810 pauperes
1447 1762 1577 1799 taliter

259 1821 491 1868 puniantur,
510 1823 600 1869 quia
616 1823 717 1869 sapit
740 1821 1028 1869 proprietatem
1054 1819 1221 1856 dominii
1240 1828 1376 1857 contra
1394 1820 1576 1856 ordinem

261 1879 486 1925 clericatus3
511 1878 599 1915 ideo
623 1891 807 1916 securum
829 1888 929 1915 esset
954 1877 1109 1915 clericis
1125 1891 1265 1914 omnes
1280 1878 1577 1914 dominaciones

260 1945 297 1973 et
329 1936 623 1973 iurisdicciones
656 1937 753 1974 tales
788 1938 964 1973 abnuere
999 1944 1035 1972 et
1069 1935 1306 1973 elemosinas
1340 1936 1577 1972 auctoritate

203 1994 399 2030 3otalium
445 1995 701 2030 dominorum
736 1994 949 2030 admittere
987 2002 1179 2041 tanquam
1220 2002 1397 2038 neutras,
1435 1993 1577 2029 saltem

260 2053 341 2088 sine
373 2051 662 2099 procuracione
694 2053 819 2097 avida,
852 2061 895 2087 ut
927 2053 965 2087 in
997 2063 1116 2088 causa
1145 2050 1310 2099 propria
1339 2050 1575 2089 vindicetur.

319 2110 560 2146 Conceditur
591 2118 728 2146 tamen
763 2110 872 2158 quod
905 2110 994 2145 licet
1029 2108 1217 2145 clericum
1241 2109 1339 2145 velle
1363 2121 1433 2156 per
1455 2108 1575 2144 aliurn

261 2179 343 2203 esse
377 2166 654 2204 execucionem
690 2167 779 2204 talis
812 2168 974 2212 iusticie,
1023 2175 1066 2203 ut
1098 2166 1244 2203 clerico
1278 2165 1576 2203 consenciendo

260 2225 417 2272 placeat
470 2226 576 2272 quod
610 2224 671 2261 alii
711 2225 926 2261 carnaliter
958 2233 1184 2272 procreent,
1218 2225 1327 2273 quod
1360 2225 1576 2260 esurientes

204 2284 243 2317 35
261 2283 310 2318 ad
343 2290 499 2318 tantum
533 2291 569 2318 et
608 2282 738 2319 taliter
772 2283 1000 2326 comedant,
1039 2282 1147 2330 quod
1185 2294 1267 2317 non
1306 2282 1507 2318 celebrent
1539 2289 1576 2317 et

261 2340 453 2388 quotlibet
492 2339 722 2376 huiusmodi
763 2348 875 2377 actus
913 2353 959 2376 ac
991 2340 1292 2387 negociaciones
1326 2348 1502 2382 causent,
1539 2346 1576 2373 et

260 2406 396 2433 tamen
435 2396 659 2445 displiceret
697 2399 767 2434 sibi
805 2398 915 2446 quod
947 2399 986 2433 in
1026 2409 1195 2445 persona
1226 2409 1297 2433 sua
1331 2398 1384 2433 sic
1415 2396 1574 2434 faceret.

318 2457 479 2501 Iterum,
504 2456 680 2502 placeret
704 2455 902 2492 sacerdoti
927 2455 1035 2503 quod
1066 2455 1271 2491 inferiores
1306 2453 1470 2491 ecclesie
1503 2466 1575 2501 pro

260 2512 551 2560 temporalibus
584 2512 665 2549 suis
697 2513 859 2561 litigent,
894 2520 1071 2560 pugnent
1104 2520 1142 2548 et
1174 2512 1272 2549 tales
1304 2520 1417 2548 actus
1447 2511 1575 2548 civiles

202 2582 247 2612 40
262 2578 482 2615 exerceant,
516 2579 553 2606 et
591 2579 726 2607 tamen
759 2583 847 2606 cum
882 2570 1083 2618 professus
1116 2577 1174 2606 est
1207 2570 1572 2618 expropriacionem

262 2627 485 2676 displiceret
517 2629 585 2664 sibi
618 2629 727 2676 quod
760 2640 833 2676 pro
866 2629 944 2665 suis
977 2627 1033 2664 sic
1065 2628 1224 2664 faceret.

331 2817 448 2853 33—34.
470 2818 564 2847 Cod.:
586 2819 713 2847 clerzcus
735 2838 742 2846 .
766 2818 975 2854 .placeatur;
997 2819 1036 2846 cf.
1057 2818 1075 2845 l.
1096 2816 1140 2845 38.
