2050 3292
249 204 337 231 CAP.
358 194 485 248 xxm]
725 206 861 238 LIBER
887 206 1098 238 TERTius,
1768 202 1847 251 485

248 312 375 348 lantes
421 321 458 349 et
501 313 903 361 superhabundanter
944 312 1230 360 possessionati
1264 314 1456 350 habemus
1490 326 1558 362 po·
1587 323 1655 351 The
1697 328 1785 360 entry
1804 325 1840 352 of

248 378 431 406 testatem
466 370 661 406 attinendi
695 370 934 418 temporalia
967 384 988 407 a
1011 383 1154 418 genere
1179 371 1417 417 fundatoris,
1452 373 1560 420 quod
1594 358 1827 428 ῑξῖξέἒῑῗεξζὲ

249 440 292 464 ex
337 428 493 464 defectu
538 428 820 475 temporalium
865 429 1130 464 necessitatur
1172 429 1295 465 furari
1341 430 1401 465 vel
1446 429 1561 466 alteri
1577 428 1616 463 by
1635 428 1844 457 endowment.

134 490 210 530 197⁵
248 485 488 533 turpitudini
516 482 520 537 Ι
549 485 763 533 implicari,
798 494 866 521 aut
888 488 994 533 quod
1017 486 1280 534 periculosius
1313 486 1482 533 videtur,
1518 496 1561 523 ut

215 543 432 579 51neminit
464 543 700 580 venerabilis
733 544 853 587 Beda,
900 544 1177 592 depauperato
1210 556 1332 592 regno
1367 557 1388 581 a
1413 544 1562 581 milicia

249 613 324 648 que
357 601 588 637 defenderet
618 601 749 646 ipsum
784 613 806 637 a
834 601 1014 637 barbaris
1039 610 1196 638 arcetur
1219 614 1342 649 genus
1365 602 1560 638 nobilium

249 666 286 694 et
330 658 501 694 aliorum
548 671 717 707 corpore
762 671 1022 706 procerorum
1061 659 1266 707 proprium
1302 672 1468 708 regnum
1504 660 1561 696 di-

249 715 409 752 mittere
433 725 470 752 et
493 716 632 753 alienis
656 716 959 753 adversantibus
982 716 1204 764 proditorie
1228 717 1426 765 copulari3
1451 717 1561 754 racio

248 782 381 810 autem
427 774 590 810 maioris
635 773 863 821 indigencie
907 787 980 822 pro
1025 776 1131 811 bono
1177 774 1340 822 publico
1373 784 1416 811 ut
1449 775 1561 823 regni

195 831 390 879 10Anglie
435 840 492 868 est
536 832 785 880 prestancior
829 844 949 880 quam
996 832 1104 869 racio
1144 831 1299 868 dictans
1333 834 1560 870 reddendos

247 889 428 925 redditus
461 902 534 937 pro
568 891 672 926 bono
705 889 793 925 utili
816 889 970 936 private
992 889 1154 926 familie.
1192 889 1232 926 Si
1255 889 1378 937 igitur
1400 900 1561 927 sanctus

248 946 458 994 episcopus
501 960 584 984 non
629 947 768 983 habuit
812 955 1051 995 potestatem
1086 949 1134 983 de
1167 947 1303 995 aliquo
1337 950 1443 984 bono
1476 948 1560 985 iure

247 1004 453 1040 detinendi
482 1004 662 1041 redditus
691 1006 741 1041 ad
764 1017 850 1041 eam
886 1005 1040 1053 privata
1072 1004 1237 1052 familia,
1273 1006 1399 1042 multo
1433 1006 1561 1054 magis

246 1060 399 1109 indigni
445 1062 579 1099 clerici
622 1075 703 1098 non
749 1063 896 1098 habent
941 1064 988 1098 de
1031 1062 1118 1099 iure
1151 1062 1286 1111 aliquo
1318 1071 1557 1111 potestatem

194 1119 229 1151 15
247 1119 449 1156 detinendi
494 1129 575 1156 tam
622 1120 767 1156 multos
800 1129 837 1156 et
871 1133 1037 1168 magnos
1075 1120 1255 1157 redditus
1289 1122 1337 1157 ad
1371 1120 1558 1157 iniuriam
1603 1139 1670 1166 The
1689 1139 1820 1175 English

245 1177 374 1213 tocius
406 1176 547 1226 populi
578 1177 804 1225 Anglicani,
837 1177 1005 1214 Videtur
1038 1178 1143 1214 enim
1177 1177 1304 1226 magis
1338 1179 1558 1226 dampnum
1594 1174 1702 1209 people
1723 1175 1826 1204 suffer.

244 1234 387 1283 Anglie
420 1248 463 1271 ex
493 1248 663 1272 numero
697 1244 734 1272 et
766 1235 960 1284 qualitate
991 1244 1221 1272 nostrorum
1252 1236 1486 1273 clericorum
1523 1245 1561 1273 et

245 1292 333 1328 aliis
367 1293 481 1329 malis
514 1293 760 1330 scatentibus
792 1306 869 1342 que
907 1293 1044 1330 omnia
1076 1293 1118 1331 in
1158 1294 1371 1330 affluencia
1404 1303 1558 1342 tempo-

245 1350 390 1386 ralium
435 1350 669 1388 radicantur
712 1364 833 1399 quam
879 1351 922 1387 fit
967 1353 1187 1399 dampnum
1233 1352 1357 1400 ipsius
1391 1365 1560 1400 persone

188 1417 364 1456 20quam
408 1421 538 1445 canon
581 1408 721 1446 recitat
760 1411 918 1445 dotasse
951 1409 1174 1446 ecclesiam.
1208 1409 1248 1446 Si
1294 1409 1416 1457 igitur
1459 1422 1503 1446 ex
1523 1409 1560 1446 vi

245 1466 410 1514 dampni
433 1466 569 1503 debuit
592 1468 676 1514 ipse
700 1469 747 1502 de
770 1467 855 1503 iure
889 1477 1030 1504 nature
1063 1466 1237 1513 restitui,
1272 1468 1399 1504 multo
1432 1468 1558 1516 magis

244 1523 311 1560 ubi
345 1537 434 1561 cum
468 1524 631 1572 paribus
663 1524 848 1561 imminet
882 1524 1010 1561 maius
1044 1525 1278 1573 dampnum.

409 1711 738 1759 CAPITULUM
771 1711 1091 1759 VICESIMUM
1123 1711 1394 1759 TERTIUM.

176 1831 204 1861 A
303 1826 407 1871 Quia
451 1826 600 1862 dictum
647 1835 704 1862 est
749 1825 925 1873 capitulo
970 1826 1037 1861 XX
1081 1834 1118 1861 et
1161 1838 1254 1873 sepe
1299 1825 1394 1861 alibi
1446 1827 1555 1874 quod
1593 1831 1643 1858 Αι1
1665 1831 1734 1859 civil
1756 1832 1823 1871 rulle

187 1883 374 1921 25omnis
408 1883 532 1920 civilis
565 1883 793 1920 dominacio
831 1884 935 1931 sapit
974 1893 1185 1931 peccatum
1219 1883 1386 1927 veniale,
1432 1892 1557 1920 restat
1600 1865 1815 1930 {azazlgffltg}

128 1944 204 1988 197¹³
243 1953 461 1990 parumper
494 1941 664 1989 disgredi
701 1943 750 1977 ad
785 1941 891 1978 istud
923 1941 1088 1977 ulterius
1117 1937 1121 1993 Ι
1151 1941 1455 1979 declarandum.
1509 1943 1557 1977 Et
1673 1936 1733 1963 sin.

243 1999 374 2047 primo
420 2001 528 2047 quod
572 2012 712 2035 omnes
757 1999 820 2035 hic
852 1999 1004 2035 viantes
1050 2011 1263 2046 peccamus
1296 1999 1486 2035 continue
1519 2007 1555 2034 et

243 2066 545 2105 consequenter,
580 2058 785 2105 quomodo
818 2065 984 2104 peccata
1018 2056 1201 2093 mortalia
1235 2065 1272 2093 et
1295 2056 1465 2093 venialia
1499 2055 1556 2092 di-

242 2114 495 2162 stinguuntur
539 2127 584 2151 ac
616 2114 740 2151 tercio
774 2115 980 2162 quomodo
1025 2123 1191 2161 peccata
1234 2114 1274 2150 in
1322 2113 1555 2162 purgatorio

187 2176 228 2208 30
244 2181 335 2209 sunt
359 2173 581 2220 purganda.
614 2173 674 2207 Ad
698 2171 873 2220 primum
898 2171 954 2208 sic
978 2171 1229 2219 proceditur:
1264 2174 1321 2207 Eo
1353 2171 1442 2219 ipso
1475 2184 1554 2219 quo

243 2229 387 2278 aliquis
421 2229 554 2265 deficit
586 2228 626 2265 in
661 2229 853 2276 moribus,
900 2230 1076 2266 defectus
1110 2229 1340 2265 huiusmodi
1375 2238 1431 2265 est
1465 2242 1554 2276 pec-

244 2297 396 2334 catum;
441 2288 508 2324 sed
552 2300 690 2323 omnes
728 2287 935 2324 deficimus
974 2287 1037 2324 hic
1070 2287 1109 2322 in
1144 2287 1320 2323 moribus
1353 2286 1554 2332 continue,

245 2358 335 2381 curn
381 2344 513 2381 minus
553 2358 736 2381 amamus
773 2347 898 2381 Deum
932 2358 1052 2392 quam
1088 2345 1293 2393 debemus7
1339 2356 1432 2392 ergo
1465 2357 1554 2392 pec-

187 2411 191 2414 *
246 2415 383 2439 camus
428 2402 491 2439 hic
524 2402 722 2441 continue.
766 2402 984 2450 Supposita
1023 2401 1165 2438 maiori
1198 2410 1307 2450 patet
1347 2402 1479 2438 minor
1512 2414 1554 2437 ex

189 2463 227 2496 35
246 2461 320 2496 hoc
385 2461 493 2508 quod
545 2460 675 2496 omnis
721 2461 842 2496 homo
888 2461 1005 2496 debet
1050 2459 1214 2507 diligere
1259 2462 1387 2495 Deum
1436 2472 1554 2507 super

244 2517 394 2564 omnia,
440 2517 565 2554 eciam
611 2527 804 2566 quantum
839 2517 997 2561 sufficit,
1031 2517 1124 2552 dum
1164 2516 1228 2553 hic
1259 2516 1357 2564 viat;
1402 2518 1472 2553 sed
1504 2518 1552 2553 ad

245 2576 320 2612 hoc
353 2575 541 2612 continue
574 2588 713 2611 omnes
747 2574 969 2621 deficimus,
1015 2587 1107 2622 ergo
1148 2574 1336 2611 continue
1369 2573 1432 2611 hic
1465 2586 1553 2622 pec-

245 2645 394 2672 camus.
427 2633 558 2669 Minor
591 2642 713 2681 patet‚
747 2646 836 2669 cum
873 2641 962 2680 post
995 2645 1120 2669 annos
1138 2632 1396 2669 discrecionis
1419 2644 1554 2680 posse-

242 2812 277 2839 d.
314 2776 414 2839 1¹3qu
433 2786 519 2811 eam,·
539 2778 576 2806 ita
598 2779 666 2806 cod.
690 2783 784 2806 recte:
805 2779 847 2806 ad
865 2779 1012 2806 inim-iam
1031 2778 1303 2814 privatefamilie.
1389 2780 1436 2806 20.
1458 2777 1552 2805 Cod.:

265 2820 343 2839 tscre
368 2821 388 2839 ι.
