2050 3292
203 251 281 288 392
914 244 972 274 DE
1001 243 1137 274 CIVILI
1164 242 1373 274 DOMINIO.
1599 229 1703 285 [CAR
1728 240 1808 267 XIX.

493 354 559 388 sed
605 350 779 399 quelibet
813 349 894 385 eius
929 360 1101 396 persona
1135 357 1171 384 et
1204 360 1275 395 per
1321 360 1569 396 consequens
1601 357 1686 384 tota
1727 349 1809 384 eius

493 409 763 446 communitas
809 406 1148 444 excommunicari
1193 406 1341 454 poterit
1385 406 1616 454 separatim,
1664 419 1736 442 nec
1769 407 1809 443 in

492 469 567 504 hoc
612 466 872 502 iniuriaretur
917 464 1091 501 dominis
1137 464 1429 512 temporalibus
1481 465 1548 500 sed
1603 464 1808 501 caritative

204 523 729 586 bsslessssss‘iCnX—{gffi-l'aptarentur
762 523 837 559 illis
870 522 1098 571 penitencie
1130 523 1340 559 salutares.
1385 524 1676 558 Verumtamen
1708 522 1808 570 regi-

220 593 414 631 mupicauon
436 592 459 618 if
493 585 564 619 bus
590 591 625 619 et
649 581 824 618 dominis
857 580 1129 628 superioribus
1154 581 1269 616 debet
1301 581 1478 628 prelatus
1511 580 1809 616 racionabiliter

202 628 474 698 3¹5¹}'ss35ff-lg‘ffgfficQ
493 650 529 678 et
562 649 791 677 reverenter
835 651 1002 687 parcere
1046 638 1121 674 nisi
1170 637 1381 674 immineat
1426 638 1554 674 maius
1594 638 1808 674 discrimen

231 697 441 759 Ῡῡῑὲιζὲξιῑζὲῑῃὲ
493 698 677 745 ecclesie3
711 710 783 734 nec
807 706 995 733 tenentur
1025 696 1180 733 domini
1204 696 1447 744 temporales
1480 698 1642 732 credere
1668 709 1808 744 quam-

391 752 395 757 ’
493 769 651 805 cunque
684 754 1149 791 excommunicacionem
1184 753 1325 802 prelati
1356 754 1482 790 eciam
1508 754 1677 790 Romani
1710 767 1808 801 pon-

493 815 624 860 tificis,
660 815 727 850 sed
753 821 912 860 oportet
946 813 1156 849 consulere
1191 813 1374 848 doctores
1408 811 1631 848 catholicos
1665 819 1702 848 et
1723 824 1807 847 om-

492 872 588 908 nino
622 873 749 919 legem
785 870 978 918 evangelii
1012 882 1131 917 super
1155 882 1275 906 causa
1308 878 1345 905 et
1376 869 1513 906 ordine
1546 869 1808 918 procedendi,

493 940 535 966 ut
568 930 598 966 si
633 929 819 965 dominus
853 942 958 977 papa
989 929 1105 964 vellet
1151 927 1502 964 excommunicare
1548 939 1688 964 omnes
1722 940 1807 975 per-

494 1001 613 1024 sonas
636 987 777 1035 Anglie
811 995 848 1023 et
878 999 1045 1034 regnum
1079 985 1319 1021 interdicere
1354 985 1560 1029 radicitus,
1595 985 1689 1033 quia
1724 998 1809 1033 reg-

494 1059 587 1082 num
624 1058 705 1082 non
740 1045 822 1081 vult
858 1044 933 1081 sibi
958 1045 1140 1080 conferre
1174 1043 1386 1091 pecuniam
1411 1044 1471 1079 vel
1505 1045 1551 1079 de
1576 1043 1810 1091 temporali-

494 1106 565 1140 bus
610 1105 671 1139 veI
717 1102 995 1150 spiritualibus
1041 1114 1114 1150 pro
1160 1101 1407 1138 debellandis
1452 1101 1810 1149 depopulatoribus

493 1162 623 1198 vocati
658 1161 891 1209 patrimonii
925 1160 1051 1197 sancti
1087 1159 1205 1207 Petri,
1239 1171 1405 1206 regnum
1438 1161 1586 1195 nedum
1623 1171 1809 1195 censuras

217 1218 477 1279 bkfgfl’ssgffifflssbz
495 1218 725 1256 huiusmodi
749 1232 830 1254 non
863 1219 1036 1261 timeret,
1071 1219 1139 1253 sed
1171 1226 1280 1253 tante
1313 1217 1472 1253 vesanie
1504 1217 1635 1253 vocati
1669 1217 1810 1265 capitis

273 1287 321 1325 forj
341 1287 406 1313 clis-
494 1286 679 1326 potenter
725 1276 926 1312 resisteret
971 1277 1118 1311 nedum
1165 1275 1400 1322 suffragium
1447 1275 1615 1322 pecunie
1662 1284 1699 1311 et
1743 1276 1809 1311 ho-

230 1322 450 1383 ogzqirznlcsztf)
495 1336 646 1371 minum
682 1335 957 1371 subtrahendo
988 1335 1056 1370 sed
1090 1334 1315 1369 defensores
1349 1333 1608 1369 sacerdotalis
1641 1332 1810 1369 avaricie

495 1395 744 1437 invadend03
775 1391 778 1444 l
808 1401 967 1440 oportet
1015 1391 1120 1427 enim
1168 1403 1328 1427 causam
1376 1390 1810 1427 excommunicacionis

494 1464 577 1488 esse
611 1451 863 1487 manifestam
902 1449 1224 1487 inobedienciam
1249 1448 1324 1496 Iegi
1355 1449 1429 1484 Dei
1453 1457 1489 1484 et
1512 1461 1594 1484 non
1626 1448 1811 1496 negacio-

494 1522 585 1546 nem
631 1509 866 1557 temporalis
912 1507 1027 1554 boni;
1075 1517 1112 1544 et
1157 1507 1419 1544 conformiter
1464 1506 1611 1543 dicitur
1656 1509 1702 1542 de
1749 1519 1809 1543 ex-

496 1567 939 1604 communicacionibus
973 1579 1045 1614 pro
1091 1565 1219 1603 causis
1252 1564 1353 1601 lucri
1398 1564 1593 1612 temporis
1627 1564 1810 1601 carencia

495 1625 679 1674 palliatis.

557 1684 670 1719 Unde
702 1685 750 1719 XI
798 1682 1009 1731 questione
1049 1684 1095 1717 III
1145 1690 1351 1729 ponuntur
1405 1681 1529 1717 multa
1582 1680 1810 1717 testimonia

496 1750 724 1778 sanctorum
762 1740 868 1789 quod
900 1753 981 1777 non
1026 1749 1082 1776 est
1121 1739 1392 1775 obediendum
1440 1738 1627 1787 cuiquam
1661 1738 1701 1775 in
1735 1738 1810 1775 hiis
1852 1741 1864 1773 ἶ

497 1812 572 1847 que
606 1808 696 1836 sunt
731 1801 814 1835 Deo
849 1799 909 1835 vel
943 1798 1140 1846 scripture
1173 1810 1284 1834 sacre
1324 1796 1540 1834 contraria.
1592 1796 1733 1833 Primo
1767 1809 1811 1832 ex

497 1858 604 1893 dicto
638 1857 871 1905 Augustini:
919 1857 1018 1903 Non,
1064 1855 1206 1903 inquit,
1251 1867 1405 1904 semper·
1449 1856 1592 1890 malum
1639 1862 1694 1891 est
1738 1867 1810 1891 non

500 1916 654 1951 obedire
682 1923 889 1964 precept0;
920 1927 1004 1950 cum
1039 1914 1135 1949 enim
1172 1913 1350 1949 dominus
1383 1913 1484 1948 iubet
1516 1925 1586 1961 que
1608 1913 1693 1948 Deo
1724 1920 1811 1949 sunt

496 1974 708 2019 contraria,
743 1981 831 2009 tunc
864 1973 897 2008 ei
928 1973 1178 2008 obediendum
1214 1984 1286 2007 non
1319 1978 1384 2009 est.
1432 1971 1530 2007 Item
1564 1971 1809 2007 Jeronimus:

499 2032 540 2066 Si
572 2032 748 2067 dominus
780 2031 880 2066 iubet
908 2043 951 2066 ea
974 2042 1044 2079 que
1076 2042 1147 2065 non
1180 2036 1268 2065 sunt
1283 2029 1482 2064 contraria
1515 2029 1658 2064 sanctis
1689 2029 1845 2077 scrip-3

499 2089 608 2132 turis,
642 2089 857 2125 subiciatur
896 2089 1048 2124 domino
1081 2099 1229 2124 servus.
1285 2087 1328 2121 Si
1367 2099 1457 2122 vero
1492 2087 1690 2123 contraria
1719 2099 1812 2135 pre-

498 2148 597 2196 cipit,
632 2147 759 2197 magis
792 2147 943 2182 obediat
978 2146 1131 2182 domino
1164 2145 1326 2194 spiritus
1358 2157 1470 2193 quam
1521 2144 1710 2193 corporis.
1765 2146 1813 2180 Et

499 2207 573 2241 hoc
607 2205 712 2240 idem
747 2206 863 2240 docet
894 2204 1140 2251 Augustinus
1173 2215 1359 2239 sermone
1391 2204 1440 2238 VI
1474 2204 1531 2238 De
1563 2201 1702 2238 Verbis
1735 2204 1813 2238 Do-

500 2263 598 2299 mini
633 2275 676 2299 ex
710 2262 786 2299 ista
818 2262 994 2299 racione.
1049 2263 1216 2309 Semper-
1249 2260 1444 2308 superiori
1484 2260 1650 2296 domino
1685 2268 1741 2296 est
1773 2260 1811 2295 in

500 2320 813 2357 racionabilibus
848 2321 934 2368 plus
967 2320 1203 2368 parendum,
1251 2321 1354 2355 Deus
1390 2318 1494 2355 enim
1530 2331 1710 2355 summus
1743 2319 1844 2357 do-'j

502 2379 632 2415 minus
664 2392 745 2415 non
769 2386 900 2426 potest
932 2378 1139 2425 precipere
1163 2376 1444 2414 irracionabile
1478 2377 1557 2413 sive
1591 2377 1812 2417 consulere,

500 2436 621 2484 igitur
644 2436 717 2473 sibi
747 2436 786 2472 in
811 2436 1009 2483 scriptura
1043 2448 1111 2472 sua
1145 2445 1203 2472 est
1235 2434 1275 2470 in
1308 2434 1495 2471 omnibus
1529 2434 1811 2470 obediendum.

501 2496 599 2530 Cum
634 2494 754 2542 igitur
787 2507 867 2530 non
903 2502 1098 2530 consonat
1132 2495 1199 2530 sed
1234 2501 1428 2541 repugnat
1461 2492 1658 2540 scripture
1703 2504 1814 2528 sacre

570 2639 614 2667 36.
648 2639 741 2667 Cod.:
776 2648 835 2667 non
864 2643 974 2674 polens
996 2661 1001 2666 .
1026 2661 1031 2666 .
1054 2661 1058 2665 .
1082 2640 1272 2666 consuluere.
1366 2637 1409 2673 37.
1445 2639 1538 2666 Cod.:
1571 2639 1725 2672 scripture
1744 2646 1815 2667 sue:

500 2675 648 2702 fortasse:
670 2675 825 2702 mandatis
844 2677 999 2709 scrzplure
1018 2682 1080 2701 sue.

576 2758 624 2790 15.
652 2758 788 2789 Bellum
817 2758 973 2799 Gregorii
1000 2757 1044 2787 XI
1072 2764 1190 2788 contra
1217 2757 1450 2788 Florentinos.
1533 2766 1584 2797 27.
1612 2756 1712 2787 Decr.
1739 2757 1815 2787 Sec.

502 2804 595 2843 Pars,
622 2814 726 2835 causa
742 2802 799 2842 XI,
827 2814 883 2845 qu.
905 2803 964 2847 III⁷
991 2814 1064 2845 cap.
1084 2802 1188 2835 XCII.
1260 2814 1308 2835 10.
1328 2804 1410 2844 Cap.
1431 2801 1549 2835 XCIII.
1616 2810 1668 2842 30.
1689 2803 1814 2833 Sermo

504 2849 606 2883 LXII.
639 2850 729 2893 Opp.
761 2857 844 2882 tom.
873 2851 912 2888 V,
941 2851 1016 2889 357.

1831 882 1867 902 IO

1831 1162 1866 1193 15

1859 1391 1938 1426 158b

1828 1461 1870 1482 20

1848 1684 1879 1713 Μ
