2050 3292
253 193 341 220 GAP.
364 184 465 238 xm]
718 196 852 228 Linea
878 196 1091 230 TERTqu.

311 303 495 339 Secundo
539 311 659 351 patet,
703 304 731 339 si
764 305 990 340 sacerdotes
1023 304 1121 352 layci
1155 306 1299 341 debent
1330 307 1561 353 inpermixte

252 361 456 396 intendere
513 360 848 408 contemplacioni
901 361 1021 398 divini
1075 363 1215 410 cultus⁷
1269 363 1394 399 multo
1439 365 1561 411 magis

252 419 477 454 sacerdotes
520 418 613 466 legis
646 419 800 462 Christi,
835 427 871 454 et
915 431 985 467 per
1018 431 1265 468 consequens
1303 433 1385 457 non
1418 421 1562 457 debent

253 476 432 521 mercari,
466 488 655 523 pugnare,
689 475 876 524 operibus
915 476 1090 513 civilibus
1121 478 1335 524 intendere,
1369 478 1428 514 vel
1473 478 1561 515 civi-

219 534 234 565 5
253 532 341 568 liter
363 534 548 569 iudicare.
574 535 666 570 Ideo
690 533 783 569 dicit
803 533 1037 570 Aristoteles
1062 536 1167 583 quod
1193 548 1322 583 neque
1346 535 1557 583 agricolam

251 602 380 638 neque
413 592 634 627 banausum
666 590 758 627 licet
790 590 1034 628 constituere
1066 594 1329 629 sacerdotem.

139 639 214 681 175⁰
309 648 450 685 Tercio
473 656 581 696 patet
603 649 634 685 si
658 649 830 697 populus
848 645 851 701 l
870 649 1028 696 gentilis
1056 651 1094 685 in
1128 663 1206 698 quo
1240 659 1379 698 regnat
1412 652 1562 699 optima

187 698 214 729 Κ
253 706 407 755 policia,
440 706 712 743 aristocratica
744 706 804 743 vel
836 707 974 754 regalis
1006 715 1161 744 tantum
1192 709 1262 744 fuit
1284 709 1435 744 sollcita
1459 710 1560 744 circa

251 765 522 800 sacerdooium
545 766 676 812 gracia
699 764 894 800 felicitatis
918 772 955 800 et
977 764 1176 813 regiminis
1200 766 1415 814 popularis,
1436 766 1560 802 multo

199 837 234 857 10
254 822 373 868 magis
406 823 577 869 populus
612 822 849 859 christianus
882 831 971 869 post
1003 821 1226 859 doctrinam
1262 825 1404 859 summi
1432 836 1560 860 sacer-

250 877 353 914 dotis
387 879 546 926 Christi,
581 882 742 928 quando
766 881 1039 916 sacerdocium
1065 889 1121 917 est
1146 882 1267 928 magis
1290 880 1557 918 necessarium

250 944 285 971 et
307 937 496 974 solemne.
525 939 624 974 Tres
648 937 751 974 enim
776 946 867 974 sunt
892 940 1037 985 gradus
1062 940 1276 975 sacerdocii
1298 951 1340 974 ex
1364 939 1559 987 scriptura

248 993 380 1030 electi:
415 994 568 1042 primus
591 996 790 1042 confusus,
824 1008 902 1043 quo
934 1009 1073 1033 omnes
1105 997 1352 1033 venerabiles
1385 996 1560 1033 seniores

249 1053 435 1089 docentes
480 1054 630 1089 cultum
676 1053 747 1090 Dei
793 1062 829 1089 et
873 1055 1011 1089 dantes
1056 1053 1359 1091 benedicciones
1409 1055 1558 1102 populo

196 1116 231 1146 15
248 1110 405 1146 fuerant
443 1112 683 1158 sacerdotes,
727 1120 770 1147 ut
814 1119 923 1159 patet
975 1120 1055 1147 tam
1110 1113 1157 1147 de
1202 1111 1385 1159 gentibus
1438 1124 1556 1160 quam

249 1168 428 1206 Hebreis.
487 1168 552 1206 Sic
597 1169 700 1205 enim
746 1169 1038 1206 Melchisedech
1083 1180 1147 1206 rex
1192 1170 1324 1206 Salem
1370 1179 1453 1206 erat
1486 1169 1558 1205 Dei

247 1227 446 1270 sacerdos,
481 1227 621 1263 Genes.
653 1228 751 1263 XIV.
785 1228 847 1264 Sic
879 1227 1023 1263 iterum
1058 1236 1142 1263 erat
1174 1228 1359 1264 sacerdos
1386 1228 1559 1275 Madyan

247 1285 405 1320 Exodus
450 1285 511 1320 ΙΙΙ.
587 1286 648 1321 Sic
682 1286 845 1333 Egiptus
893 1286 1030 1321 habuit
1074 1286 1313 1331 sacerdotes,
1362 1294 1405 1321 ut
1452 1292 1560 1333 patet

248 1342 388 1380 Genes.
403 1343 553 1389 XLVII,
581 1353 653 1390 223
687 1355 821 1390 ymmo
848 1343 948 1380 inter
972 1343 1148 1379 Hebreos
1169 1355 1295 1390 usque
1319 1344 1368 1379 ad
1401 1352 1558 1391 tempus

191 1413 231 1433 20
247 1398 493 1436 adoracionis
511 1399 620 1437 vituli
640 1409 752 1437 erant
775 1399 1025 1448 primogeniti
1046 1402 1296 1437 Hebreorum
1317 1402 1557 1450 sacerdotes,

246 1465 288 1492 ‘.1t
322 1465 431 1505 patet
464 1458 511 1493 de
543 1459 626 1494 iure
660 1457 986 1506 primogenitum,
1028 1470 1105 1506 que
1138 1459 1379 1495 consistebat
1412 1460 1448 1494 in
1482 1470 1557 1506 sex,

245 1523 287 1550 ut
333 1514 511 1552 meminit
564 1515 748 1563 Magister
801 1514 1068 1552 Historiarum
1121 1528 1240 1564 super
1292 1515 1361 1551 illo
1416 1518 1556 1554 Genes.

246 1573 396 1619 XXVII,
430 1574 501 1621 36:
546 1574 813 1624 Prinzogenita
858 1586 940 1610 nzea
985 1574 1172 1619 antetulit,
1218 1582 1256 1610 et
1289 1582 1345 1610 est
1385 1573 1560 1622 capitulo

248 1630 381 1665 LXVII
426 1630 515 1667 libri
559 1631 619 1667 Sui
664 1644 782 1680 super
827 1632 1009 1668 Genesim
1049 1631 1180 1680 primo
1225 1631 1260 1666 in
1299 1631 1560 1681 prerogativa

190 1692 228 1724 25
248 1688 431 1731 vescione,
470 1689 636 1725 secundo
676 1689 711 1725 in
744 1689 928 1739 sacrificii
958 1689 1165 1735 oblacione,
1210 1689 1330 1725 tercio
1363 1689 1398 1724 in
1427 1689 1559 1738 prima

246 1745 521 1782 benediccionis
538 1747 668 1796 patris
692 1748 925 1797 recepmbne,
959 1754 1099 1795 quarto
1124 1747 1159 1782 in
1182 1746 1561 1783 solenznisacionibns

246 1810 281 1839 et
318 1804 502 1840 conviviis
539 1805 778 1842 benediceret
815 1805 1088 1853 1'nferioribzts;
1124 1804 1254 1853 quinto
1292 1805 1450 1853 duplam
1490 1805 1563 1840 cibi

129 1851 206 1896 17Gd
241 1861 465 1909 porcionem
491 1863 692 1912 reciperet,
726 1871 761 1899 et
789 1871 900 1900 sexto
923 1863 1083 1899 baberet
1105 1862 1293 1911 duplicent
1315 1858 1561 1914 {hereditatis

240 1919 466 1968 porcionem
501 1922 627 1968 quoad
665 1921 762 1957 alios
791 1921 952 1969 fratres
990 1933 1091 1957 suos.
1133 1920 1246 1957 Unde
1280 1921 1458 1956 Christus
1492 1919 1559 1967 qui

190 1984 230 2016 30
246 1978 465 2013 secundum
489 1979 726 2026 Apostolum
757 1980 806 2015 ad
830 1980 942 2018 Rom.
965 1980 1061 2023 VIII,
1088 1989 1154 2028 29,
1189 1986 1246 2014 est
1273 1978 1561 2027 primogenitus

245 2046 295 2076 exj
327 2035 457 2071 multis
485 2035 688 2083 fratribus
726 2036 865 2072 habuit
906 2037 1081 2084 graciam
1114 2034 1274 2072 unionis
1307 2047 1377 2083 pro
1411 2034 1560 2082 dispari

244 2092 426 2129 vescione
464 2092 571 2130 iuxta
608 2094 706 2130 illud
744 2093 890 2130 Psalmi
923 2095 1055 2140 XLIV,
1089 2104 1133 2142 3:
1180 2093 1382 2142 Speciosus
1418 2093 1560 2140 forma

239 2162 315 2198 pre
345 2150 446 2200 filiis
492 2151 709 2196 hominum;
764 2152 902 2200 diffusa
948 2159 1003 2187 est
1044 2151 1184 2202 gracia
1229 2151 1264 2185 in
1312 2145 1423 2186 labiis
1467 2150 1561 2199 tuis,-

246 2210 378 2255 quoad
422 2208 672 2246 oblacionem
715 2211 833 2247 Hebr.
872 2210 934 2255 IX,
978 2220 1044 2257 14:
1095 2209 1340 2257 semetipsum
1381 2208 1416 2242 in
1456 2208 1560 2243 obla-

189 2265 388 2304 35cionem
422 2266 577 2312 obtulit5
609 2268 742 2316 quoad
775 2268 941 2304 tercium
964 2268 1051 2303 Joh.
1075 2266 1103 2314 I,
1133 2277 1199 2315 14:
1239 2266 1355 2301 Cuius
1385 2265 1557 2315 gloriam

246 2323 411 2359 vidimus
442 2324 553 2372 quasi
582 2325 770 2375 unigeniti
799 2337 821 2360 a
839 2331 956 2374 patre
974 2325 1131 2373 plenum
1154 2324 1295 2374 gracia
1319 2330 1354 2358 et
1377 2322 1560 2367 veritate,-

245 2382 379 2428 quoad
412 2390 599 2429 quartum
628 2383 789 2419 Psalmo
814 2412 822 2421 .
846 2410 853 2417 .
879 2412 887 2420 .
930 2382 1082 2418 Etenim
1117 2381 1419 2417 benediccionem
1455 2380 1559 2415 dabit

245 2439 473 2488 legislator;
504 2441 636 2489 quoad
663 2439 848 2489 quintum
873 2440 989 2476 simul
1022 2440 1149 2475 viator
1183 2447 1218 2475 et
1244 2439 1560 2486 comprehensor

314 2618 359 2646 26.
382 2618 476 2646 Cod.:
498 2621 610 2654 quarto
632 2622 672 2646 ut.

316 2711 369 2733 22.
402 2702 566 2744 Magister
597 2701 839 2744 Historiarum,
878 2702 898 2734 i.
931 2712 960 2733 e.
999 2702 1120 2733 Petrus
1147 2702 1342 2733 Comestor.
1368 2702 1457 2733 Vide
1484 2700 1556 2733 1201.

250 2748 375 2779 Works
408 2748 549 2788 11,454.
589 2748 640 2779 Cf.
675 2748 771 2780 Com.
806 2748 957 2778 Historia
990 2747 1203 2779 Scholastica
1231 2749 1254 2792 l,
1293 2757 1366 2793 cap:
1407 2747 1555 2779 LXVIII.

248 2795 301 2835 37.
329 2794 443 2825 Psalrn
473 2794 649 2833 LXXXIII,
677 2794 708 2828 8,

1766 203 1845 242 437

1597 946 1699 974 Three
1719 946 1829 980 grades

1604 981 1638 1008 of
1657 981 1768 1016 priests
1789 981 1819 1008 in

1628 1016 1790 1050 Scripture

1600 1059 1620 1078 1⁴
1642 1050 1813 1077 Venerable

1626 1093 1694 1112 men
1717 1093 1740 1112 e.
1762 1093 1790 1120 g.

1592 1119 1829 1147 Melchizedech.

1642 1465 1701 1493 Till
1721 1468 1773 1494 the

1584 1501 1720 1535 worship
1741 1502 1776 1528 of
1791 1501 1841 1529 the

1610 1534 1730 1562 Golden
1752 1536 1822 1563 Calr‘

1582 1570 1618 1596 all
1641 1571 1689 1596 the
1711 1570 1839 1597 Hebrew

1576 1604 1638 1630 first
1660 1605 1735 1631 born
1758 1613 1837 1632 were

1653 1639 1772 1673 priests.
