2050 3292
209 232 288 280 632

233 919 325 947 What
346 927 390 946 we
411 927 466 946 can

222 955 262 982 do
281 959 312 981 to
332 954 402 990 help
423 955 473 982 the

302 989 390 1016 dead.

272 1023 330 1051 We
351 1028 433 1051 must

252 1059 367 1086 believe
386 1058 452 1085 that

293 1102 364 1121 man
384 1093 410 1121 is

235 1128 388 1156 immottal
408 1130 467 1156 and

268 1164 332 1191 that
351 1164 388 1191 he
407 1165 433 1191 is

236 1199 393 1226 rewarded
414 1199 463 1226 for

234 1234 316 1267 good
337 1241 373 1261 οι·
392 1233 461 1261 evil.

919 239 978 270 DE
1007 239 1144 270 civim
1171 237 1380 270 DOMiNio.
1560 222 1666 279 [CAR
1682 232 1807 260 xxvn.

499 345 647 383 Christi
691 345 824 381 subito
869 354 1004 393 posset
1048 356 1308 392 quoscunque
1341 352 1574 392 peccatores
1607 356 1678 391 pro
1713 356 1808 391 quo-

499 415 656 451 cunque
700 402 864 439 instanti
909 403 967 439 vie
1011 403 1221 450 respicere,
1276 401 1366 438 ideo
1411 403 1459 437 de
1502 401 1613 437 nullo
1657 400 1809 437 viatore

498 463 717 498 secundum
764 460 1032 508 Augustinum
1088 472 1274 496 sermone
1317 460 1366 495 XI
1420 471 1539 506 super
1582 459 1706 497 Math.
1753 467 1810 494 est

499 518 732 566 simpliciter
764 519 1057 566 desperandum
1096 530 1168 554 nec
1201 527 1352 554 temere
1391 516 1671 563 iudicandum3
1718 529 1810 552 con-

499 578 615 613 cedat
646 576 768 624 igitur
799 576 913 612 nobis
947 578 1052 612 Deus
1084 589 1132 613 ne
1166 588 1209 612 ex
1242 575 1441 611 eleccione
1477 574 1546 610 tali
1577 575 1685 610 fatua
1718 578 1844 610 con-5

500 636 765 682 dempnemur
803 646 875 670 nec
915 635 963 670 ab
999 634 1200 670 eleccione
1231 633 1336 669 felici
1369 641 1534 680 propter
1567 640 1736 668 mortem
1770 631 1812 668 in

498 692 672 740 peccatis
718 701 755 728 et
798 691 1155 739 indisposicionem
1201 690 1473 728 conversionis
1508 691 1558 727 ad
1589 689 1809 726 Dominum

498 749 738 786 imminente
772 749 912 786 mortis
944 750 1124 798 periculo
1158 750 1459 797 perturbemur;
1506 756 1543 785 et
1581 749 1654 784 hec
1687 747 1811 794 racio,

499 819 623 856 quare
647 807 829 844 Christus
851 817 932 844 tam
957 809 1096 845 crebro
1122 806 1286 844 mandat
1308 819 1381 855 pro
1404 806 1479 843 ista
1512 805 1621 843 finali
1644 805 1812 842 victoria

498 865 673 913 vigilare.
1833 878 1871 898 10

558 923 704 959 Habito
737 922 793 959 sic
826 923 1133 971 superficialiter
1166 924 1213 959 de
1238 921 1417 958 efficacia
1439 920 1668 958 testamenti
1692 929 1814 957 restat

498 981 631 1018 videre
676 982 724 1017 de
767 981 965 1029 suffragiis
996 980 1112 1018 factis
1144 994 1167 1017 a
1200 979 1463 1017 militantibus
1497 992 1569 1027 pro
1602 978 1812 1015 defunctis.

501 1041 542 1075 In
587 1051 666 1086 qua
712 1038 881 1075 materia
913 1048 1074 1087 oportet
1105 1039 1237 1087 primo
1271 1050 1315 1074 ex
1347 1037 1424 1073 fide
1457 1049 1684 1085 supponere
1723 1049 1813 1084 per-

500 1096 735 1145 petuitatem
782 1098 959 1133 humane
1009 1098 1154 1143 anime,
1208 1097 1384 1133 secundo
1438 1094 1812 1132 remuneracionem

501 1154 584 1191 eius
617 1156 839 1191 secundum
873 1156 980 1203 quod
1014 1154 1158 1191 meruit
1188 1155 1228 1190 in
1262 1165 1446 1202 corpore.
1479 1155 1533 1189 Ex
1557 1166 1636 1201 quo
1658 1152 1815 1189 videtur
1835 1155 1871 1187 15

500 1212 626 1249 tercio
671 1214 780 1261 quod
818 1212 951 1249 anime
989 1214 1270 1249 defunctorum
1305 1212 1453 1248 habent
1491 1220 1580 1259 post
1614 1210 1759 1246 exitum
1793 1222 1815 1246 a

503 1283 672 1318 corpore
704 1270 905 1318 triplicem
941 1271 1207 1308 mansionem.
1242 1269 1386 1318 Alique
1419 1269 1582 1317 quidem
1616 1277 1658 1305 ut
1682 1268 1815 1305 anime

501 1337 732 1365 sanctorum
768 1328 979 1365 martirum
1009 1338 1052 1379 'et
1085 1329 1362 1365 confessorum
1396 1327 1451 1363 sic
1475 1328 1753 1363 accenduntur
1775 1325 1814 1361 in

502 1399 640 1423 amore
685 1386 831 1423 Christi
876 1399 949 1434 pro
996 1386 1135 1423 mortis
1180 1386 1365 1435 articulo,
1419 1386 1528 1432 quod
1576 1384 1710 1421 statim
1756 1396 1816 1419 re-

501 1453 708 1492 ponuntur
751 1443 791 1480 in
839 1444 973 1480 celesti
1018 1444 1219 1492 paradiso,
1265 1456 1347 1480 non
1391 1442 1529 1479 relicta
1564 1442 1722 1479 macula
1754 1453 1815 1478 ex-
1833 1454 1874 1476 20

501 1503 723 1550 purganda;
757 1501 921 1538 secundi
954 1503 1144 1539 habentes
1176 1513 1354 1538 amorem
1391 1500 1614 1548 dispersum
1645 1501 1694 1537 ad
1717 1508 1816 1536 tem-

500 1560 668 1609 poralia,
713 1559 806 1596 licet
851 1572 965 1596 amor
998 1559 1144 1597 Christi
1178 1559 1217 1595 in
1250 1559 1305 1596 eis
1339 1560 1623 1607 preponderat,
1668 1559 1817 1594 habent

500 1617 672 1655 venialia
718 1619 989 1666 expurganda3
1036 1617 1149 1654 tercii
1192 1630 1297 1662 vero,
1331 1617 1399 1665 qui
1444 1616 1616 1653 finaliter
1648 1615 1816 1663 diligunt

501 1675 742 1724 temporalia
794 1676 883 1723 plus
935 1688 1057 1724 quam
1112 1676 1329 1723 Christum,
1388 1674 1521 1711 statim
1580 1682 1815 1722 perpetuam

502 1733 841 1782 dampnacionem
888 1733 1099 1782 recipiunt,
1154 1746 1244 1769 cum
1291 1741 1398 1769 extra
1442 1740 1591 1769 statum
1637 1731 1872 1769 merendi25

503 1791 624 1840 positi
647 1800 738 1828 sunt
760 1799 926 1839 peccato
949 1791 1080 1828 finalis
1103 1790 1374 1839 inpenitencie
1407 1789 1647 1838 pregravati.
1682 1790 1817 1826 Prima

503 1849 734 1898 supposicio
766 1858 876 1898 patet
910 1862 981 1897 per
1014 1849 1110 1885 illud
1144 1850 1267 1886 Math.
1297 1850 1342 1896 X,
1374 1849 1445 1886 28:
1485 1844 1650 1901 Nollite
1681 1848 1818 1884 timere
1855 1846 1937 1879 256¹³

504 1920 567 1944 eos
599 1908 664 1956 qni
694 1908 872 1944 occidunt
904 1919 1059 1956 corpus,
1092 1907 1261 1943 animam
1285 1913 1410 1942 autem
1435 1919 1508 1942 non
1536 1914 1700 1955 possunt
1722 1906 1818 1942 occi-

505 1966 597 2002 dere
628 1966 697 2002 sed
714 1966 851 2014 pocius
872 1965 1000 2001 timete
1021 1978 1105 2001 eum
1130 1966 1194 2014 qui
1219 1972 1348 2014 potest
1370 1971 1405 2000 et
1426 1976 1567 2013 corpus
1591 1971 1628 2001 et
1648 1964 1816 2000 animam

498 2024 669 2073 perdere
700 2024 736 2059 in
767 2024 1003 2073 gehennanz;
1039 2024 1147 2071 quod
1178 2036 1260 2059 non
1293 2023 1396 2059 foret
1429 2021 1580 2058 dictum
1614 2021 1817 2070 pertinens
1835 2023 1876 2054 30

504 2081 579 2118 nisi
612 2082 735 2118 homo
767 2082 937 2118 haberet
969 2080 1146 2117 animam
1180 2080 1465 2118 immortalem.

563 2140 750 2175 Secunda
794 2138 1025 2187 supposicio
1069 2147 1180 2187 patet
1232 2151 1302 2187 per
1354 2137 1458 2174 idem
1505 2139 1625 2174 Hebr.
1670 2138 1733 2182 XI,
1774 2137 1817 2174 6:
1858 2138 1883 2169 F

510 2197 682 2233 Credere
718 2197 817 2234 enim
857 2204 1008 2246 oportet
1039 2197 1296 2233 attendentem
1330 2197 1381 2231 ad
1412 2197 1538 2232 Deum
1576 2195 1664 2244 quia
1698 2202 1753 2231 est
1785 2202 1820 2230 et

506 2255 782 2303 inquirentibus
825 2266 865 2290 se
908 2261 1182 2290 remunerator
1217 2255 1286 2299 sz't,·
1337 2263 1374 2290 et
1407 2254 1530 2290 Math.
1562 2254 1667 2289 XXV
1710 2261 1819 2301 patet

506 2313 612 2349 idem
658 2325 746 2348 cum
794 2312 989 2360 quotlibet
1021 2314 1225 2349 racionum
1261 2311 1498 2348 testimoniis
1543 2320 1580 2348 et
1612 2311 1874 2359 scripture,35

508 2373 613 2407 Deus
646 2370 750 2406 enim
785 2370 887 2406 foret
919 2369 1087 2406 iniustus
1121 2370 1319 2419 dominus,
1350 2369 1426 2406 nisi
1455 2371 1567 2406 daret
1592 2370 1817 2405 mercedem

508 2427 738 2465 hominibus
792 2429 1154 2476 correspondenter
1211 2429 1261 2465 ad
1320 2427 1473 2465 merita.
1534 2428 1674 2463 Tereia
1725 2439 1818 2463 vero

508 2485 737 2534 supposicio
761 2485 942 2534 sequitur
965 2498 1009 2522 ex
1032 2486 1187 2522 duabus
1216 2485 1416 2533 proribus,
1450 2484 1658 2533 supposita
1690 2485 1820 2521 forma

508 2543 702 2592 peccandi
747 2543 972 2580 hominum.
1025 2546 1126 2580 Nam
1176 2543 1349 2579 finaliter
1394 2544 1519 2579 bonos
1564 2551 1601 2578 et
1649 2542 1821 2579 finaliter

510 2602 637 2638 malos
679 2610 837 2650 oportet
880 2601 921 2638 in
965 2601 1050 2638 celo
1095 2610 1131 2638 et
1176 2600 1331 2637 inferno
1372 2601 1595 2637 mercedem
1629 2600 1878 2648 recipere,40

579 2743 612 2770 27
633 2739 661 2762 et
682 2733 723 2762 32.
745 2735 841 2762 Cod.:
867 2725 975 2771 suppo.
1075 2734 1120 2762 30.
1149 2734 1244 2762 Cod.:
1277 2743 1338 2762 non
1365 2735 1459 2762 deest.
1551 2732 1597 2767 34.
1625 2733 1690 2762 Cod
1715 2734 1819 2769 ;suit.

510 2769 554 2798 38.
576 2770 671 2798 Cod.:
693 2777 843 2805 suppono.

582 2841 656 2875 3.„l.
685 2852 712 2872 c.
739 2848 823 2872 tom.
843 2842 883 2883 V,
910 2852 987 2883 pag.
1016 2842 1081 2884 304
