2050 3292
232 239 312 285 564

258 1164 397 1200 Original
421 1164 477 1191 sin.

261 1810 347 1837 Fault
370 1810 397 1837 in
421 1810 470 1837 tlic

234 1845 336 1872 siuner
359 1846 504 1879 precedes

268 1880 418 1914 privation
441 1880 474 1906 ot*

317 1923 417 1949 grace.

945 244 1003 275 DE
1031 244 1165 275 ctvim
1192 244 1401 276 DOMINIO.
1601 229 1708 289 [CAP.
1729 241 1825 270 xxv,

517 359 705 399 peccatur
737 349 776 385 in
810 362 1020 397 personam
1053 358 1096 386 ut
1130 351 1305 387 defectus
1338 350 1566 388 immediate
1589 351 1826 388 terminatur

518 410 567 445 ad
600 408 741 455 ipsam,
777 416 820 443 ut
852 407 992 455 triplex
1025 407 1229 445 blasfemia
1253 407 1397 445 dicitur
1428 417 1637 457 peccatum
1657 405 1660 462 Ι
1680 422 1826 457 appro-

517 465 645 513 priate
669 465 708 501 in
732 465 878 511 Deum,
903 473 940 501 et
963 464 1164 513 flagicium
1188 478 1233 502 ac
1257 466 1408 502 facinus
1441 467 1584 503 dicitur
1616 475 1825 514 peccatum

517 525 553 559 in
587 536 628 559 se
660 523 719 559 vel
752 522 995 570 proximum;
1042 523 1174 559 onmia
1220 532 1355 559 tamen
1394 524 1469 560 ista
1502 524 1578 560 tria
1610 537 1755 572 genera
1788 538 1827 561 se

518 581 685 617 invicem
721 589 1000 627 consecuntur,
1045 594 1116 617 nec
1161 580 1353 617 satisfacit
1385 590 1573 628 peccator
1605 583 1704 627 Deo,
1753 582 1827 618 sibi

518 638 592 686 ipsi
625 639 685 674 vel
729 647 864 674 sancte
911 638 1076 675 ecclesie
1122 638 1193 674 nisi
1239 639 1458 676 satisfaciat
1491 639 1652 676 cuilibet
1685 641 1828 676 horum

518 697 655 738 triuni;
681 697 747 732 sed
774 696 996 732 satisfaccio
1021 695 1087 732 uni
1113 709 1250 732 eorum
1273 697 1464 733 satisfacit
1489 697 1650 734 cuilibet
1675 711 1827 735 eorum.

519 757 688 801 Oportet
721 753 841 801 igitur
874 754 1004 802 primo
1028 756 1111 790 Deo
1145 755 1385 799 satisfacere,
1420 756 1508 802 quia
1535 755 1649 791 aliter
1673 764 1829 803 oportet

519 810 799 848 inevitabiliter
823 813 915 848 satis
943 812 1040 859 pati,
1063 820 1106 848 ut
1130 812 1243 848 docet
1267 812 1510 860 Augustinus
1534 815 1579 848 III
1605 816 1660 849 De
1686 813 1829 849 Libero

518 869 694 905 Arbitrio
727 869 860 915 XXIV,
903 877 939 905 et
975 882 1094 906 nemo
1127 878 1309 906 nostrum
1342 871 1414 906 nisi
1447 871 1514 918 qui
1552 871 1615 906 ille
1647 872 1829 918 redemp-

520 927 675 963 cionem
728 939 841 963 suam
892 927 1071 974 graciose
1123 928 1351 969 reddiderit,
1406 929 1454 964 ad
1507 929 1829 965 satisfaciendum

519 984 734 1032 graciosius
779 985 970 1021 adiuverit
1016 993 1052 1021 et
1094 985 1221 1021 tercio
1266 987 1448 1022 meritum
1504 995 1828 1023 momentaneum

519 1041 811 1089 graciosissime
843 1042 1123 1090 acceptaverit,
1156 1051 1287 1091 potest
1320 1044 1578 1080 dileccionem
1598 1045 1750 1092 peccati
1773 1045 1831 1080 sui

519 1109 556 1136 et
590 1100 875 1136 beatitudinem
910 1101 1144 1148 promereri.

577 1159 655 1194 Sed
699 1171 770 1205 pro
815 1159 985 1206 planiori
1031 1168 1067 1195 et
1112 1159 1291 1195 ulteriori
1335 1160 1538 1196 sentencia
1584 1162 1631 1196 de
1664 1169 1830 1207 peccato

520 1216 704 1251 habenda
739 1217 946 1252 scolastice
991 1218 1275 1253 transeundum
1312 1226 1369 1253 est
1402 1219 1570 1254 breviter
1609 1231 1679 1266 per
1712 1218 1831 1254 dubia

520 1273 813 1321 consequencia
858 1276 905 1310 de
949 1284 1128 1322 peccato,
1174 1277 1360 1322 ponendo
1394 1288 1415 1311 a
1447 1284 1613 1323 peccato
1647 1275 1832 1323 originali

518 1340 711 1367 tractatus
750 1331 961 1379 originem.
1009 1332 1158 1379 ¹Scribit
1191 1332 1295 1368 enim
1335 1333 1497 1370 Subtilis
1531 1336 1682 1370 Doctor
1715 1346 1833 1381 super

519 1388 780 1425 distinccione
803 1391 940 1425 XXXII
964 1391 1124 1426 secundi
1148 1390 1464 1437 Sentenciarum7
1499 1393 1606 1439 quod
1632 1399 1830 1440 peccatum

521 1447 714 1497 originale
757 1455 811 1483 est
856 1448 1032 1484 carencia
1067 1449 1260 1497 formalis
1293 1449 1438 1485 iusticie
1470 1450 1677 1499 originalis
1710 1450 1833 1485 debile

517 1505 586 1540 sed
617 1517 690 1540 non
723 1505 1035 1555 qualitercunque
1068 1507 1201 1552 debite,
1235 1508 1304 1542 sed
1337 1507 1460 1543 debite
1492 1507 1577 1555 quia
1610 1515 1764 1556 accepte
1796 1508 1832 1542 in

514 1562 645 1611 primo
685 1570 848 1611 parente
891 1571 926 1599 et
969 1564 1004 1599 in
1053 1564 1133 1613 ipso
1167 1565 1346 1600 admisse.
1400 1565 1453 1600 Et
1485 1565 1568 1601 ideo
1600 1566 1724 1601 Adam
1759 1578 1831 1600 nan

519 1620 649 1656 lzalmit
686 1628 886 1669 peccatum
932 1622 1136 1672 originale,
1183 1622 1269 1670 quia
1314 1622 1411 1658 illud
1443 1623 1608 1658 debitum
1644 1623 1830 1671 nonfuit

519 1679 570 1713 acl
602 1678 725 1726 ipsum
758 1680 978 1714 traductum
1014 1692 1088 1729 per
1125 1680 1288 1728 aliquem
1324 1688 1540 1729 parentem,
1579 1682 1646 1717 sed
1684 1682 1762 1730 ipse
1795 1681 1829 1716 in

518 1748 558 1771 se
591 1736 737 1785 accepit
768 1736 875 1772 illam
910 1737 1099 1773 iusticiam
1133 1746 1167 1773 et
1198 1745 1285 1773 actu
1316 1751 1384 1774 suo
1418 1739 1557 1775 amisit.

579 1795 726 1830 Contra
758 1794 873 1830 istam
909 1794 1223 1843 descripcionem
1247 1795 1401 1831 videtur
1427 1798 1556 1844 primo
1581 1797 1684 1845 quod
1710 1808 1831 1844 genus

521 1851 674 1898 peccati
707 1851 880 1899 positum
906 1854 953 1888 ab
977 1853 1199 1901 Augustino
1223 1853 1271 1889 sit
1296 1854 1586 1890 consonancius
1608 1854 1803 1902 positum3
1826 1850 1828 1907 ξ

522 1921 613 1944 nam
650 1908 833 1945 carencia
866 1910 1034 1957 iusticie,
1075 1924 1165 1947 cum
1197 1912 1308 1958 ponit
1348 1913 1668 1948 subtraccionem
1701 1912 1831 1949 divine

520 1966 652 2013 gracie
696 1976 733 2003 et
777 1980 847 2015 per
892 1980 1139 2016 consequens
1179 1981 1248 2016 per
1282 1970 1475 2005 defectum
1509 1970 1710 2018 peccantis
1744 1982 1831 2017 pre-

521 2026 661 2060 cedere
706 2034 763 2061 est
805 2026 921 2072 iusta,
966 2026 1067 2063 sicut
1111 2027 1258 2062 iustum
1304 2036 1361 2063 est
1404 2029 1511 2075 quod
1557 2027 1612 2063 sic
1645 2027 1864 2064 deficiens?

521 2091 654 2118 careat
700 2082 847 2130 gracia,
892 2085 960 2120 sed
993 2093 1198 2131 peccatum
1233 2098 1313 2120 non
1346 2094 1403 2121 est
1436 2087 1489 2121 sic
1527 2085 1690 2129 iustum,
1737 2098 1831 2133 ergo

521 2148 731 2187 peccatum
765 2154 846 2177 non
880 2150 937 2178 est
969 2141 1190 2178 formaliter
1223 2142 1289 2179 illa
1323 2144 1515 2184 carenda,
1555 2144 1623 2180 sed
1657 2143 1831 2179 defectus

521 2199 752 2245 precedens,
798 2211 889 2235 nam
925 2201 1029 2236 Deus
1063 2200 1255 2247 permittit
1291 2201 1434 2237 multas
1478 2200 1699 2238 iniusticias
1733 2214 1831 2249 quas

522 2255 710 2291 iniustum
746 2265 802 2292 est
837 2269 932 2302 esse,
970 2258 1035 2294 sed
1061 2257 1207 2294 iustum
1232 2267 1289 2295 est
1321 2260 1444 2294 Deum
1472 2259 1577 2307 ipsas
1600 2260 1831 2307 permittere

522 2322 559 2349 et
592 2313 746 2361 punire.

578 2371 690 2409 Item.
729 2371 885 2408 videtur
931 2375 1037 2420 quod
1072 2373 1235 2421 quilibet
1269 2376 1410 2410 debeat
1449 2376 1593 2411 habere
1626 2374 1829 2422 propriam

520 2428 731 2475 iusticiam,
765 2430 820 2466 sic
854 2432 961 2478 quod
993 2443 1072 2467 non
1106 2432 1207 2468 foret
1240 2433 1378 2468 eadem
1410 2433 1447 2467 in
1476 2444 1644 2469 numero
1668 2441 1830 2480 accepta

520 2487 557 2521 in
592 2486 723 2534 primo
756 2497 921 2535 parente
954 2497 991 2525 et
1022 2490 1205 2526 traducta
1244 2489 1283 2525 in
1317 2502 1577 2538 quoscunque
1614 2491 1738 2526 iustos
1772 2490 1831 2526 sui

592 2686 631 2704 10.
648 2678 742 2705 Cod.:
764 2679 818 2714 qui
836 2680 928 2706 deest.
1003 2679 1040 2707 13.
1057 2684 1168 2716 potest.
1192 2681 1285 2709 Cod.:
1304 2685 1375 2717 past
1394 2682 1598 2710 dileccionenz.
1673 2682 1713 2709 16.
1737 2682 1829 2709 Cod.:

521 2719 579 2745 pro
600 2712 702 2739 dubia.
775 2713 821 2746 34.
844 2713 937 2741 Cod.:
960 2715 1066 2750 ipsam.

592 2805 622 2837 ς).
651 2796 741 2836 Opp.
761 2803 845 2827 tom.
865 2797 887 2838 I,
908 2808 984 2839 pag.
999 2797 1075 2840 ⁴330.
1179 2800 1226 2832 15.
1254 2799 1288 2830 ld
1310 2806 1361 2830 cst
1385 2799 1561 2831 Jobannes
1581 2801 1676 2833 siuns
1695 2801 1830 2840 Scottis,

523 2841 559 2872 ln
586 2842 776 2873 Sententias
804 2843 840 2880 ΙΙ,
868 2844 945 2875 dist.
971 2845 1101 2876 XXXII„
1131 2845 1181 2876 Cs.
1209 2846 1409 2887 'l'rialogum
1438 2856 1513 2887 pag.
1542 2855 1616 2889 219.

1865 409 1948 442 228¹1

1850 883 1886 903 10

1851 1162 1886 1194 15
