2050 3292
247 244 327 293 386
956 252 1015 283 DE
1043 252 1179 284 civlri
1206 252 1417 284 DOMiuio.
1631 238 1737 295 [CAP.
1763 249 1843 277 xix.

535 359 665 407 operis
712 358 928 405 meritorie,
976 359 1079 395 sicut
1128 359 1277 395 faciunt
1316 359 1435 395 hodie
1469 358 1604 395 clerici
1638 367 1674 394 et
1707 358 1846 395 fratres

536 417 621 453 sine
655 416 854 463 civilitate,
902 425 938 453 et
983 417 1038 453 sic
1083 418 1319 453 nullomodo
1373 426 1430 454 est
1472 416 1742 453 necessarium
1789 417 1848 452 vel

537 476 749 511 honesturn
784 476 891 523 quod
926 487 1090 511 manens
1137 476 1304 512 clericus
1339 475 1485 512 Christi
1519 475 1688 511 civiliter
1721 475 1848 511 domi-

538 542 664 570 netur.
702 533 812 569 Sicut
845 533 963 580 igitur
987 533 1172 570 dominus
1197 546 1301 581 papa
1324 547 1405 570 non
1429 542 1560 582 potest
1594 529 1846 583 dispensaress

538 599 579 626 ut
601 590 651 627 sit
675 591 761 639 quis
786 590 905 627 simul
928 591 1178 640 fornicarius,
1213 591 1268 628 sic
1304 593 1430 628 multo
1465 590 1589 638 magis
1617 604 1698 627 non
1722 598 1850 638 potest

539 648 771 696 dispensare
804 658 847 684 ut
876 649 925 684 sit
959 648 1075 685 simul
1108 649 1276 686 clericus
1310 659 1346 686 et
1379 649 1503 686 civilis
1537 648 1848 696 proprietarium

539 719 628 742 cum
676 707 820 743 clerico
865 715 1002 743 tamen
1046 716 1176 754 potest
1223 708 1467 755 dispensare,
1514 707 1543 742 si
1591 708 1638 742 de
1670 706 1850 754 possibili

539 764 665 800 subsit
697 765 820 815 racio,
852 773 894 801 ut
927 764 976 801 sit
1009 773 1209 801 uxoratus.

598 822 772 859 Ulterius
817 823 1052 859 conceditur
1096 825 1204 871 quod
1244 836 1286 860 ex
1320 823 1403 859 iure
1436 821 1582 859 Christi
1629 822 1851 869 exemplato

540 893 610 929 per
655 881 741 917 iura
786 881 981 917 canonica
1015 890 1071 917 est
1105 883 1213 929 quod
1257 894 1395 918 omnes
1440 882 1670 917 sacerdotes
1705 879 1852 916 Christi

541 941 686 976 debent
717 940 789 975 sub
823 952 925 987 pena
958 939 1112 987 peccati
1146 940 1285 976 saltem
1319 939 1483 976 venialis
1516 938 1646 975 vivere
1692 937 1850 985 eiugaffl,

541 1010 680 1034 omnes
704 1006 836 1034 autem
862 997 987 1034 eciam
1022 997 1176 1033 uxorati
1210 999 1356 1034 debent
1378 1009 1536 1033 servare
1569 996 1851 1033 castimoniam

542 1069 617 1104 que
650 1065 727 1093 stat
759 1069 849 1092 cum
884 1055 1170 1103 procreacione
1203 1055 1367 1102 carnali,
1401 1064 1444 1091 ut
1468 1057 1584 1091 docet
1607 1054 1854 1102 Augustinus

542 1117 598 1150 De
631 1114 769 1151 Verbis
802 1114 965 1150 Domini
1012 1115 1204 1150 Sermone
1237 1115 1371 1150 XXIII.
1414 1114 1532 1150 Tales
1578 1121 1708 1149 autem
1748 1113 1853 1159 leges

542 1173 634 1208 licet
668 1185 769 1221 pape
802 1173 989 1216 condere,
1021 1180 1062 1207 ut
1084 1181 1193 1220 patet
1216 1173 1332 1217 XXV,
1368 1172 1578 1220 questione
1601 1173 1628 1214 Ι,
1664 1172 1758 1206 Sunt
1774 1170 1853 1218 qui-

544 1231 646 1267 dam.
681 1232 728 1266 Et
761 1232 814 1266 sic
847 1239 938 1266 sunt
972 1230 1044 1266 iste
1075 1231 1180 1278 leges
1203 1232 1389 1274 humane,
1423 1242 1560 1278 ymmo
1584 1229 1727 1275 divine,
1761 1227 1854 1276 quia

543 1288 583 1324 in
598 1289 798 1337 scriptura
814 1301 927 1324 sacra
944 1288 1147 1335 implicite7
1173 1288 1306 1335 gracia
1324 1288 1567 1336 acquirende
1583 1285 1855 1329 beatitudinis,

545 1359 626 1383 non
672 1347 873 1383 mundane
907 1345 1199 1394 prosperitatis,
1234 1359 1304 1394 per
1339 1345 1486 1382 Christi
1530 1345 1723 1382 vicarium
1766 1356 1857 1392 pro-

546 1405 734 1452 mulgate.
782 1406 860 1440 Sed
898 1405 1014 1451 longe
1048 1404 1292 1452 copiosiores
1325 1413 1414 1440 sunt
1446 1405 1552 1451 leges
1586 1403 1781 1440 canonice
1815 1414 1858 1438 ex

546 1462 742 1511 scriptura
789 1475 902 1499 sacra
948 1471 1121 1498 extracte
1165 1463 1422 1510 prohibentes
1475 1461 1630 1498 clericis
1676 1460 1858 1497 domina-

546 1521 702 1557 cionem
748 1520 904 1556 civilem
940 1529 976 1556 et
1007 1520 1225 1557 limitantes
1258 1521 1312 1557 eis
1359 1520 1625 1557 ministerium
1661 1521 1855 1556 bonorum

547 1579 840 1625 communium,
886 1587 928 1614 ut
962 1587 1069 1626 patet
1112 1579 1293 1626 superius
1327 1591 1371 1615 ex
1419 1578 1596 1626 capitulo
1630 1579 1695 1613 XII
1741 1576 1857 1612 huius

547 1637 691 1686 quinti.

276 1688 505 1751 Ῑῗιξὲἓῇῐξξῃζὶξζ
604 1697 719 1732 Unde
742 1695 972 1743 frequenter
995 1694 1245 1731 consideravi
1268 1707 1392 1743 quare
1410 1704 1489 1731 tam
1515 1695 1650 1730 sedule
1674 1692 1858 1729 execucio

287 1761 315 1786 in
339 1761 451 1793 priests
471 1759 498 1784 is
547 1762 686 1790 contra
730 1753 926 1789 luxuriam
962 1762 998 1788 et
1031 1766 1111 1789 non
1158 1762 1296 1789 contra
1342 1753 1557 1789 avariciam
1603 1752 1859 1789 sacerdotum

277 1794 505 1864 ξζξὲξῖῗὶᾟιῗζξ
546 1811 757 1857 invehitur,
805 1824 894 1847 cum
935 1824 1073 1847 eorum
1109 1811 1282 1847 avaricia
1315 1811 1364 1847 sit
1396 1810 1675 1859 periculosior,
1721 1819 1860 1858 paten-

284 1864 506 1926 1.1“t³r‹iiescii1rbs
548 1869 631 1905 cior
675 1878 795 1917 atque
844 1869 1020 1905 crebrior
1064 1881 1136 1905 nec
1182 1882 1261 1905 non
1302 1881 1345 1905 ex
1378 1869 1521 1905 maiori
1568 1868 1683 1917 copia
1727 1870 1859 1916 legum

306 1934 355 1960 the
377 1933 480 1968 public
548 1927 859 1975 dampnabilior.
914 1929 990 1963 Sed
1037 1927 1152 1963 huius
1186 1936 1316 1975 potest
1361 1927 1456 1975 poni
1490 1927 1698 1977 multiplex
1736 1926 1859 1972 racio,

337 1977 437 2003 ‘mace'
547 1986 679 2034 primo
725 1985 818 2034 quia
857 1986 1013 2021 luxuria
1048 1986 1135 2033 plus
1182 1995 1423 2033 apparenter
1468 1987 1676 2033 perturbat
1720 1996 1860 2032 pacem

549 2043 786 2092 reipublice3
847 2043 1063 2092 utrobique
1109 2044 1278 2080 clericus
1325 2043 1428 2079 enirn
1482 2056 1525 2079 ex
1578 2043 1687 2079 rabie
1734 2042 1860 2079 coitus

550 2101 624 2152 fit!
657 2101 884 2138 bellicosior
930 2111 967 2137 et
1024 2103 1160 2149 laycus
1207 2114 1250 2138 ex
1298 2101 1573 2138 maculacione
1623 2100 1756 2137 uxoris
1800 2100 1861 2137 vel

550 2159 630 2196 filie
665 2169 721 2196 est
766 2160 882 2207 longe
927 2159 1118 2196 offensior
1152 2173 1272 2207 quam
1308 2172 1351 2196 ex
1383 2159 1671 2208 negociacione
1702 2160 1763 2195 vel
1801 2158 1859 2194 in-

550 2218 772 2254 iuriacione
820 2218 999 2254 sensibili
1048 2218 1086 2253 in
1121 2218 1234 2254 bonis
1268 2219 1444 2264 fortune3
1490 2227 1527 2254 et
1560 2218 1615 2253 sic
1647 2216 1860 2264 utrobique

551 2277 811 2324 perturbatur
855 2276 965 2324 pacis
1012 2276 1297 2324 tranquillitas,
1344 2276 1384 2311 in
1417 2285 1573 2312 tantum
1609 2276 1713 2323 quod
1759 2274 1859 2322 layci

553 2334 773 2370 Londoniis
808 2342 845 2369 et
877 2334 971 2370 alibi
1004 2333 1261 2370 incarcerant
1294 2333 1532 2370 fornicarios
1565 2334 1803 2370 sacerdotes,

264 2398 445 2444 anm-elates
467 2395 527 2423 find
610 2393 797 2428 Secunda
837 2404 957 2428 causa
992 2401 1048 2428 est
1082 2393 1229 2428 cadens
1278 2391 1478 2440 cupiditas
1511 2392 1756 2440 prelatorum
1792 2403 1860 2438 ap-

275 2436 523 2494 citacetaiffilestssor
553 2450 637 2486 cior
682 2452 731 2486 ad
776 2450 1046 2498 colligendum
1081 2450 1244 2498 palliate
1289 2463 1360 2498 pro
1400 2463 1481 2486 uno
1526 2458 1693 2498 peccato
1739 2461 1859 2497 quam

291 2506 516 2571 ἒζέζῐέξὲῗῇξῖᾒξ
551 2508 649 2553 ali0;
684 2508 816 2556 primo
841 2508 936 2556 quia
958 2521 1031 2556 pro
1056 2517 1220 2556 peccato
1254 2508 1386 2544 carnis
1419 2517 1510 2544 sunt
1544 2507 1727 2544 homines
1751 2519 1861 2543 vera—

263 2572 352 2606 greca
379 2571 405 2597 is
426 2564 536 2598 almost
552 2566 651 2602 citer
694 2566 1000 2603 verecundiores
1048 2580 1168 2615 quam
1203 2579 1274 2614 pro
1308 2575 1473 2614 peccato
1520 2565 1691 2604 avaricie
1725 2574 1760 2601 et
1792 2577 1862 2613 per

322 2605 474 2633 universal

313 2648 426 2675 among
446 2641 495 2667 tlie

353 2676 463 2710 clergy.

620 2712 643 2739 5.
656 2711 879 2748 fornicarius,-
900 2713 1009 2740 desunt
1029 2713 1090 2739 duo
1111 2713 1214 2740 verba.
1305 2721 1338 2740 11.
1361 2713 1455 2739 Cod.:
1478 2713 1592 2740 venialz
1610 2713 1714 2740 vivere
1734 2713 1863 2747 &iugale

553 2747 676 2781 (eiugati
692 2759 721 2770 =
739 2755 798 2774 uon
820 2748 938 2782 iugali).
1025 2747 1065 2774 16.
1087 2748 1126 2775 Et
1145 2749 1189 2774 Sic
1207 2751 1284 2775 sunt.
1308 2748 1402 2775 Cod.:
1426 2748 1486 2775 Nec
1506 2750 1585 2774 sunt.

628 2818 676 2850 15.
704 2820 841 2850 Decreti
862 2820 1020 2851 Secunda
1040 2821 1134 2859 Pars,
1162 2830 1265 2851 causa
1279 2820 1381 2859 XXV,
1410 2830 1467 2861 qu.
1487 2818 1510 2860 L
1539 2829 1610 2861 cap.
1631 2818 1689 2853 VI.
1741 2820 1793 2852 3⁷5.
1811 2820 1862 2851 Cf.

553 2864 795 2906 &Valsingham
823 2867 859 2905 H,
887 2866 940 2898 65.

1874 893 1911 912 10

1875 1171 1911 1202 15

1875 1471 1915 1492 20

1878 1752 1915 1783 25

1905 2100 1965 2133 156
