2050 3292
226 245 306 281 404
937 242 995 272 DE
1025 241 1159 272 civim
1186 239 1397 272 DoMimo.
1624 228 1732 281 [CAP.
1755 237 1819 265 xx.

515 348 664 393 cancia,
716 348 1041 391 noncontendo,
1076 347 1169 395 quia
1213 347 1307 383 satis
1353 354 1409 383 est
1442 345 1561 382 michi
1606 347 1713 394 quod
1746 346 1823 382 sint

236 412 282 439 To
305 416 391 446 puta
413 411 486 438 false
514 405 635 442 michi
667 418 758 442 vera
791 413 828 442 et
860 405 916 441 sic
949 405 1068 440 simul
1099 417 1190 442 vera
1224 413 1260 440 et
1292 404 1402 443 falsa.
1440 406 1554 441 Unde
1589 404 1823 440 difformans

279 453 438 516 ξὲἓῐῖυῗὲ
513 464 596 512 ipsa
630 476 699 511 per
731 475 890 499 sensum
925 475 1136 499 erroneum
1169 462 1263 499 facit
1295 475 1339 498 ea
1372 471 1467 499 tunc
1499 475 1580 499 non
1613 474 1696 498 esse
1730 461 1822 498 scri-

255 516 471 585 Πξὲξξέῖῑιξΐξῗῑ
514 530 669 569 pturam
701 518 704 572 Ι
734 533 904 567 sacram,
966 521 1068 557 sicut
1110 522 1327 568 deturpans
1371 520 1597 568 ymaginem
1644 519 1739 556 facit
1783 528 1823 555 ut
1874 525 1949 558 163²*

513 589 607 616 tunc
640 592 720 615 non
753 579 802 615 sit
835 579 956 615 homo
990 579 1138 626 pictus3
1184 587 1461 614 verumtamen
1506 577 1727 614 catholicus
1760 577 1857 624 pie5

513 637 736 685 intelligens
781 638 900 673 habet
943 637 1183 684 scripturam
1228 649 1383 672 sacram
1424 636 1463 672 in
1509 636 1656 674 anima.
1710 636 1824 671 Unde

513 704 706 743 quantum
742 696 791 731 ad
838 694 942 731 dicta
977 694 1124 731 Christi
1158 694 1341 740 consilia,
1388 703 1497 742 patet
1541 694 1580 729 in
1625 694 1676 728 IV
1709 693 1824 728 huius

513 752 692 801 capitulo
734 753 818 788 XIII
879 754 1084 801 quomodo
1137 753 1281 788 debent
1333 751 1519 799 intelligi3
1584 764 1665 787 non
1719 751 1822 786 enim

514 813 638 847 debeo
674 810 885 847 carnaliter
925 810 1030 847 dicta
1063 810 1281 857 intelligere
1314 822 1384 858 per
1408 822 1464 856 os,
1499 808 1723 852 brachium,
1758 821 1825 844 cor

513 878 549 905 et
584 878 715 905 cetera
750 868 906 904 deitatis
939 881 1016 916 que
1055 867 1253 915 scriptura
1299 867 1483 915 exprimit
1530 869 1710 903 membra
1755 879 1824 902 sua
1847 884 1884 903 ω

513 927 704 970 carnalia,
738 926 841 963 sicut
872 926 1045 962 intellexi
1090 927 1251 974 quando
1302 925 1357 961 fui
1400 925 1563 973 ignarus
1607 924 1825 972 gramatice

515 994 550 1020 et
584 984 924 1032 equivocacionis3
972 997 1068 1032 quas
1113 984 1241 1020 sancti
1287 985 1472 1020 doctores
1518 983 1745 1030 exprimunt
1777 984 1825 1018 de

514 1042 735 1091 scripturis,
781 1044 849 1078 sed
894 1043 1020 1078 debeo
1065 1041 1284 1089 intelligere
1316 1054 1510 1089 personas
1542 1041 1603 1077 vel
1634 1040 1824 1077 nociones

515 1100 667 1137 divinas
700 1100 801 1136 sicut
834 1100 960 1136 sancti
994 1101 1176 1137 doctores
1210 1099 1442 1135 dilucidant.
1494 1101 1542 1134 Et
1574 1098 1629 1135 sic
1663 1111 1732 1147 per
1765 1107 1823 1134 tu-

514 1158 660 1204 nicam,
708 1158 888 1206 pallium,
934 1159 1094 1194 oculum
1129 1158 1189 1193 vel
1223 1157 1424 1193 maxillam
1466 1158 1610 1193 debent
1654 1156 1881 1204 intelligi13

514 1216 615 1252 vires
662 1225 698 1253 et
743 1216 902 1253 habitus
950 1215 1152 1252 interioris
1198 1214 1386 1259 hominis,
1433 1215 1618 1251 habendo
1664 1227 1823 1250 sensum

514 1274 711 1322 scripture
734 1274 773 1310 in
799 1273 915 1310 dictis
949 1273 1138 1320 consiliis,
1173 1282 1210 1309 et
1232 1286 1312 1309 non
1335 1281 1467 1320 partes
1500 1281 1568 1309 aut
1590 1273 1826 1309 vestimenta

515 1332 720 1369 exterioris
754 1331 929 1368 hominis
962 1344 1038 1380 que
1072 1331 1336 1379 corporaliter
1368 1330 1587 1367 intuentur.

260 1395 313 1423 We
334 1403 385 1422 are
405 1394 467 1421 told
574 1390 724 1427 Ultimo
758 1390 813 1426 sic
837 1389 1032 1438 arguitur:
1069 1390 1108 1426 Si
1142 1398 1338 1437 repugnat
1363 1389 1438 1424 iuri
1461 1389 1595 1425 divino
1618 1389 1678 1425 vel
1701 1388 1823 1435 scrip·
1863 1394 1890 1423 X

272 1431 452 1492 ςέιῇῗὲηῖἷξῃ
514 1458 599 1484 ture
647 1461 758 1484 sacre
805 1450 911 1496 quod
951 1447 1093 1495 prelati
1140 1456 1207 1483 aut
1252 1447 1340 1495 puri
1388 1446 1521 1483 clerici
1568 1446 1882 1482 dominentui·20

259 1500 484 1562 ᾗξξιξῐζζξεζῃᾚῗςῂ
516 1505 684 1543 civiliter
717 1507 776 1542 vel
822 1507 1080 1556 contendant,
1126 1518 1215 1541 cum
1262 1504 1429 1541 ecclesia
1474 1507 1655 1541 Romana
1700 1504 1825 1540 tenuit

278 1570 447 1604 osheresy.
516 1574 552 1600 et
596 1564 772 1600 defendit
802 1563 955 1600 tamdiu
999 1563 1242 1611 oppositum,
1288 1563 1442 1599 dictans
1475 1564 1582 1611 quod
1617 1563 1771 1598 auferre
1803 1574 1824 1597 a

516 1622 667 1658 clericis
699 1621 940 1669 temporalia
974 1622 1023 1657 sit
1055 1621 1306 1669 sacrilegum,
1340 1621 1494 1657 videtur
1518 1622 1626 1668 quod
1659 1619 1825 1656 ecclesia

517 1682 698 1717 Romana
731 1680 885 1716 iacebat
922 1679 963 1715 in
994 1679 1141 1725 heresi,
1188 1680 1293 1727 quod
1342 1688 1441 1715 esset
1486 1678 1658 1715 assercio
1705 1677 1825 1714 nimis

516 1747 825 1786 presumptuosa
859 1746 979 1785 atque
1011 1737 1200 1775 heretica.
1842 1742 1881 1774 25

251 1803 316 1841 'ihc
337 1801 472 1840 Church,
574 1795 648 1832 Hic
672 1797 762 1832 dico
787 1797 895 1844 quod
920 1795 1050 1831 minor
1084 1804 1140 1831 est
1173 1795 1289 1840 falsa3
1325 1807 1414 1830 cum
1450 1794 1554 1830 enim
1590 1793 1825 1830 universalis

251 1837 472 1899 ‘iioiiiiiifihaiiije
516 1854 683 1891 ecclesia
715 1854 764 1890 sit
796 1855 1016 1890 secundum
1052 1861 1207 1901 partem
1232 1861 1313 1889 tam
1338 1853 1522 1888 Romana
1547 1865 1666 1900 quam
1690 1851 1825 1899 Angli-

287 1906 440 1968 fflffilcifflg
517 1924 617 1948 cana
663 1912 844 1957 ecclesia,
891 1921 927 1948 et
972 1911 1026 1947 sic
1072 1912 1119 1946 de
1151 1910 1248 1947 locis
1281 1910 1322 1946 in
1355 1910 1499 1958 quibus
1546 1922 1635 1957 pars
1681 1921 1826 1957 sponse

279 1985 330 2003 are
352 1980 447 2011 parts,
518 1970 665 2006 Christi
699 1969 912 2015 cohabitat,
954 1977 1063 2017 patet
1095 1970 1200 2017 quod
1232 1967 1483 2016 impossibile
1518 1977 1572 2004 est
1605 1968 1715 2004 illam
1752 1969 1825 2003 Ro-

230 2010 677 2079 ἷῗῘζΠὲᾏῘΗξᾞξςξζηιῃειῃειιῃ
726 2029 932 2064 ecclesiam
980 2027 1085 2063 istud
1131 2038 1318 2063 asserere.
1356 2023 1359 2078 ι
1396 2027 1538 2062 Utrum
1586 2034 1718 2061 autem
1753 2024 1826 2061 iste
1870 2029 1946 2063 163¹·

263 2081 458 2150 'iiossssoeiiui't
516 2094 646 2133 partes
693 2098 767 2134 que
812 2094 1006 2122 vocantur
1049 2097 1151 2132 pape
1191 2093 1227 2120 et
1261 2084 1483 2120 cardinales
1532 2083 1586 2119 sic
1633 2092 1824 2127 asserant,

281 2151 446 2177 cardinatis.
517 2143 668 2189 dubito,
715 2145 808 2192 quia
853 2156 934 2179 non
967 2152 1105 2179 teneor
1149 2155 1254 2178 nunc
1300 2143 1460 2178 credere
1506 2141 1685 2189 explicite
1719 2142 1825 2189 quod

516 2201 593 2237 sint
617 2201 820 2238 christiani
844 2202 904 2237 vel
928 2202 1108 2237 membra
1142 2200 1320 2246 ecclesie,
1354 2212 1443 2236 cum
1475 2211 1518 2235 ex
1552 2199 1672 2235 michi
1707 2198 1826 2234 dubio

516 2259 593 2294 sint
626 2259 797 2307 presciti.
831 2258 1057 2295 Verisimile
1090 2267 1146 2295 est
1176 2257 1297 2294 michi
1331 2258 1438 2305 quod
1462 2266 1706 2305 occupantes
1744 2256 1825 2292 dic-

516 2325 597 2353 tam
631 2319 764 2354 sedem
799 2330 1006 2365 nunquam
1042 2316 1096 2352 sic
1130 2324 1350 2360 senserant,
1395 2316 1462 2352 sed
1496 2317 1605 2363 quod
1638 2314 1701 2350 isti
1736 2320 1882 2352 sunt35

518 2375 644 2411 sancti
678 2384 714 2411 et
747 2375 841 2411 boni
876 2374 997 2411 michi
1042 2376 1141 2410 bene
1187 2374 1459 2421 dispensantes
1500 2374 1604 2409 bona
1650 2372 1825 2409 ecclesie.

519 2434 595 2469 Sed
620 2446 708 2470 cum
735 2432 957 2469 dominium
990 2445 1033 2468 ex
1056 2433 1188 2479 gracia
1222 2440 1258 2467 et
1291 2431 1514 2467 dominium
1542 2443 1585 2467 ex
1610 2430 1827 2466 elemosina

518 2492 593 2526 sint
625 2491 853 2539 propinqua
887 2500 923 2527 et
957 2490 1102 2526 similia
1137 2489 1241 2526 civili
1275 2489 1469 2535 dominio,
1524 2488 1649 2525 videri
1695 2497 1826 2536 posset

519 2550 626 2597 quod
672 2549 783 2585 curia
827 2549 893 2585 illa
941 2549 1184 2596 approbaret
1229 2547 1268 2583 in
1302 2547 1454 2583 clericis
1500 2545 1823 2584 dominacionem

519 2606 689 2653 civilem,
734 2606 801 2643 ubi
834 2616 969 2643 tamen
1009 2606 1137 2642 solum
1173 2606 1212 2641 in
1247 2604 1300 2641 eis
1333 2605 1529 2653 approbat
1578 2603 1824 2640 dominacio-
1840 2619 1883 2650 40

591 2785 616 2811 7.
639 2776 733 2803 cod:
757 2775 941 2802 huiusmodi,
1036 2783 1069 2801 11.
1093 2774 1186 2801 Coa:
1208 2774 1444 2810 grainnzalicm.
1526 2772 1571 2800 28.
1593 2772 1688 2800 Cod.:
1710 2780 1825 2807 sponst.

588 2847 620 2881 8.
645 2848 693 2879 lb.
720 2847 757 2886 11,
790 2848 861 2890 159,
