2050 3292
198 246 280 286 590
916 242 974 272 DE
1002 241 1141 273 CIVILI
1168 241 1379 273 DOMINIO.
1575 230 1684 283 [CAP.
1705 240 1803 266 xxv.

205 357 273 396 The
294 356 460 395 reprobate
485 356 636 396 pugnat
669 356 880 395 peccatum
911 347 950 382 in
975 346 1168 394 Spiritum
1194 348 1399 385 Sanctum.
1434 347 1636 384 Prescitus
1670 357 1802 384 autern

202 392 460 462 Ξιῇοῆξὲἓῇζζῗθ
484 405 586 442 sicut
618 413 676 441 est
709 405 749 441 in
783 405 916 453 gracia
951 413 988 440 et
1020 404 1187 440 caritate
1221 413 1504 441 momentanea
1538 418 1612 453 que
1640 415 1805 442 vocatur

217 462 443 530 offigixiagnrxigte.
483 463 616 512 gracia
649 464 868 499 secundum
904 471 1130 510 presentem
1163 461 1375 509 iusticiam,
1415 464 1469 499 sic
1509 464 1627 499 habet
1660 463 1804 511 iniqui-

483 531 605 558 tatem
631 530 955 557 momentaneam
981 520 1053 556 sibi
1077 520 1319 567 oppositam.
1354 521 1430 556 Sed
1463 521 1565 557 sicut
1597 534 1803 569 nunquam

484 579 628 615 excidit
662 592 682 614 a
716 588 882 626 peccato
916 578 957 614 in
981 577 1174 625 Spiritum
1199 579 1408 624 Sanctum,
1443 591 1649 627 nunquam
1684 580 1838 615 habet5

484 637 689 673 caritatem
733 643 1069 673 consummatam.
1123 635 1173 671 Et
1214 635 1316 672 sicut
1356 649 1438 672 non
1478 645 1609 684 potest
1647 638 1696 672 ab
1736 637 1804 673 illo

483 703 650 743 peccato
676 694 868 737 excidere,
903 693 958 730 sic
981 705 1062 729 non
1086 701 1218 740 potest
1239 693 1415 739 graciam
1442 694 1549 730 illam
1577 694 1803 742 adquirere.

484 755 532 788 Et
566 754 637 788 hec
671 761 728 788 est
762 765 883 788 causa
916 756 974 795 (ut
998 751 1187 796 arbitror)
1213 763 1338 799 quare
1363 753 1467 788 Deus
1497 752 1695 788 ordinavit
1728 752 1803 789 ista

485 812 563 846 duo
599 822 681 846 esse
716 812 866 846 mundo
900 810 1136 845 abscondita
1168 817 1208 844 ut
1242 810 1357 845 tollat
1390 811 1438 845 ab
1472 822 1518 846 eo
1548 810 1801 847 occasionem

484 867 687 905 temerarii
732 867 870 903 iudicii
917 876 953 904 et
992 879 1072 902 non
1108 878 1198 903 cece
1232 869 1551 904 excommunicet
1583 868 1685 904 filios
1718 869 1802 912 Dei,
1825 882 1863 902 10

485 939 585 974 quos
619 925 819 973 malignus
852 938 933 962 non
959 933 1089 973 potest
1118 933 1282 972 tangere
1304 920 1550 977 vellnocere
1583 927 1803 963 secundum
1844 927 1925 971 239h

484 984 626 1020 faciem
652 993 689 1020 et
712 983 824 1031 signa
848 983 1053 1020 sensibilia
1077 983 1305 1019 temeritate
1328 983 1556 1030 phariseica
1577 985 1803 1021 iudicando.

486 1044 633 1079 Caveat
656 1051 791 1078 tamen
816 1041 942 1079 fidelis
966 1054 1015 1077 ne
1039 1039 1187 1076 dividat
1210 1053 1332 1089 opera
1349 1041 1569 1091 Trinitatis,
1604 1042 1804 1079 credendo

484 1101 592 1148 quod
627 1113 706 1136 una
739 1112 911 1147 persona
945 1099 1040 1136 facit
1073 1098 1223 1146 aliquid
1253 1100 1362 1147 quod
1394 1112 1476 1136 non
1509 1100 1603 1137 facit
1635 1100 1803 1148 reliqua,

484 1159 544 1194 vel
577 1159 682 1206 quod
716 1158 839 1193 homo
873 1166 1004 1204 potest
1037 1169 1206 1204 peccare
1245 1157 1285 1193 in
1317 1170 1438 1193 unam
1473 1171 1688 1206 personam
1724 1171 1805 1194 non
1826 1160 1861 1192 15

484 1217 692 1263 peccando
737 1215 777 1250 in
822 1215 1033 1263 reliquam,
1080 1228 1169 1251 cum
1216 1227 1357 1250 omnes
1403 1215 1482 1252 sint
1525 1229 1605 1252 una
1638 1216 1805 1264 simplex

486 1273 677 1318 essencia,
711 1274 779 1309 sed
812 1273 917 1309 idem
952 1274 1171 1310 secundum
1205 1272 1328 1308 alium
1359 1274 1524 1310 modum
1550 1275 1802 1322 personalem

487 1331 581 1368 facit
613 1344 694 1368 una
726 1343 897 1379 persona
931 1344 1029 1383 opus
1065 1330 1330 1367 extrinsecum
1367 1339 1403 1367 et
1436 1334 1659 1368 secundum
1682 1332 1803 1368 alium

488 1391 653 1425 modum
699 1388 804 1425 idem
850 1391 1069 1425 secundum
1117 1388 1236 1424 aliam
1271 1388 1474 1425 racionem
1510 1390 1605 1427 facit
1638 1389 1805 1438 reliqua,

488 1447 543 1484 sic
576 1448 798 1484 secundum
834 1446 1036 1494 disparem
1081 1447 1282 1483 racionem
1329 1456 1516 1494 peccatur
1549 1448 1807 1496 appropriate
1824 1460 1864 1481 20

487 1505 528 1541 in
562 1506 777 1541 secundam
813 1517 1027 1552 personam
1062 1505 1123 1541 vel
1157 1504 1342 1549 terciam3
1389 1514 1427 1541 et
1459 1514 1595 1543 tamen
1628 1506 1808 1554 quolibet

486 1563 557 1599 tali
590 1572 758 1611 peccato
793 1563 1060 1599 communiter
1092 1571 1284 1610 peccatur
1316 1563 1356 1599 in
1389 1564 1625 1611 quamlibet.

220 1628 245 1654 [t
266 1627 292 1654 is
313 1627 451 1667 opjected
546 1622 623 1657 Sed
672 1620 842 1657 obicitur
888 1622 1161 1657 communiter
1193 1622 1301 1668 quod
1342 1633 1463 1658 nemo
1496 1631 1627 1670 potest
1662 1621 1806 1658 mereri

196 1663 471 1724 offlafsssesffiffiffsse
488 1679 792 1724 beatitudinem,
842 1679 936 1727 quia
981 1692 1060 1716 non
1107 1687 1239 1727 potest
1278 1679 1422 1716 mereri
1457 1680 1714 1725 filiacionem,
1760 1692 1807 1716 eo

197 1732 472 1802 affspsseegs‘zsgffissoe
488 1738 596 1785 quod
621 1750 701 1773 non
734 1745 866 1784 potest
900 1737 1042 1773 mereri
1076 1737 1464 1784 predestinacionem
1502 1746 1550 1783 et,
1587 1751 1676 1774 cum
1702 1740 1807 1773 Deus
1824 1739 1863 1771 25

198 1811 244 1829 we
256 1807 369 1840 cannot
384 1789 473 1829 merit
487 1795 537 1831 sit
571 1794 735 1843 pronior
759 1796 808 1831 ad
832 1796 1113 1842 premiandum
1139 1807 1258 1844 quam
1284 1796 1333 1830 ad
1365 1795 1628 1842 puniendum,
1654 1796 1807 1832 videtur

293 1837 377 1864 thS‘
488 1854 595 1901 quod
641 1865 759 1889 nemo
806 1861 937 1900 potest
983 1853 1125 1890 mereri
1166 1852 1528 1901 dampnacionem3
1575 1867 1666 1890 cum
1702 1854 1807 1890 enim

488 1923 702 1958 personam
739 1911 880 1947 mereri
913 1910 988 1947 sibi
1021 1911 1071 1948 sit
1104 1911 1338 1959 dignificare
1370 1923 1412 1947 se
1441 1913 1490 1947 ad
1523 1912 1737 1959 premium,
1771 1920 1809 1948 et

488 1982 609 2017 quam
655 1968 786 2016 primo
831 1981 1003 2016 persona
1048 1977 1179 2005 creata
1225 1977 1282 2004 est
1328 1978 1385 2005 est
1429 1969 1703 2016 predestinata
1749 1970 1808 2005 vel

488 2026 661 2075 prescita
687 2035 724 2062 et
747 2039 816 2074 per
840 2039 1088 2075 consequens
1113 2027 1233 2075 digna
1264 2027 1509 2063 beatitudine
1532 2028 1593 2063 vel
1616 2029 1808 2075 dampna-
1825 2031 1866 2063 ‘30

489 2086 613 2129 cione‚
647 2084 805 2121 videtur
838 2086 945 2133 quod
980 2097 1061 2121 non
1095 2094 1151 2121 est
1184 2085 1224 2121 in
1258 2093 1456 2132 potestate
1486 2095 1669 2122 creature
1690 2086 1805 2122 istam

490 2144 714 2179 mercedem
750 2142 914 2189 mereri3
949 2143 1177 2191 quicunque
1210 2142 1316 2180 enim
1349 2142 1445 2179 facit
1479 2143 1715 2190 dignitatem
1749 2143 1809 2179 vel

489 2201 706 2249 quicquam
731 2201 838 2237 aliud
862 2209 944 2236 tam
969 2201 1052 2248 ipse
1074 2214 1191 2249 quam
1216 2202 1326 2238 accio
1350 2213 1421 2237 sua
1445 2201 1623 2248 precedit
1643 2202 1808 2237 factum.

489 2261 536 2294 Et
560 2258 698 2295 eodem
726 2259 847 2294 modo
870 2258 1029 2295 videtur
1052 2260 1160 2307 quod
1192 2272 1311 2296 nemo
1346 2266 1519 2295 meretur
1549 2259 1806 2303 filiacionem,

489 2329 580 2352 cum
614 2316 664 2352 sit
697 2315 906 2364 proprium
940 2316 1013 2352 Dei
1046 2316 1278 2364 adoptantis
1311 2316 1352 2352 in
1385 2316 1516 2364 prima
1547 2317 1681 2364 gracia
1714 2318 1808 2353 dare
1825 2320 1864 2352 35

490 2374 734 2410 filiacionem
769 2375 999 2421 adoptivam
1035 2383 1072 2410 et
1105 2387 1175 2422 per
1209 2387 1460 2423 consequens
1491 2386 1610 2411 nemo
1636 2384 1810 2411 meretur

489 2433 773 2468 beatitudinem
809 2431 1123 2470 convertibilem.
1152 2429 1155 2484 Ι

204 2495 259 2523 We
287 2495 378 2522 merit
399 2495 474 2522 bliss
549 2489 624 2525 Hic
656 2502 748 2537 sepe
782 2489 859 2525 dixi
893 2491 1000 2538 quod
1041 2492 1288 2526 extendendo
1330 2491 1472 2527 mereri
1506 2493 1555 2527 ad
1588 2492 1736 2527 bonum
1772 2499 1810 2527 et
1851 2494 1929 2535 239⁰

250 2530 428 2600 ρξιζξὲξῗὲᾏῑ
491 2548 642 2583 malurn
668 2549 775 2595 quod
799 2557 966 2584 vocatur
988 2548 1215 2595 specialiter
1239 2548 1449 2592 demereri,
1486 2551 1608 2585 homo
1634 2557 1809 2585 meretur

219 2599 457 2670 gg}cgh?s<3vl‡1e]¹l
490 2613 571 2641 tam
622 2605 909 2641 beatitudinem
956 2618 1075 2653 quam
1117 2606 1473 2654 dampnacionem3
1520 2605 1867 2648 beatitudinem4o

299 2670 382 2705 solly.
492 2663 746 2710 preveniente
779 2665 912 2711 gracia
936 2672 973 2699 et
997 2664 1332 2711 dampnacionem
1359 2677 1401 2701 ex
1425 2664 1589 2712 propria
1617 2663 1807 2710 stulticia;

492 2729 528 2756 et
562 2722 615 2757 sic
647 2730 689 2757 ut
722 2721 865 2758 dicitur
898 2720 1167 2758 communiter
1212 2723 1334 2758 homo
1367 2735 1447 2758 non
1488 2730 1661 2758 meretur
1694 2733 1737 2757 ex
1769 2734 1809 2757 se

562 2856 603 2882 16.
625 2837 721 2883 Cods:
743 2856 773 2883 in
795 2857 887 2883 deest.
