2050 3292
290 212 378 240 CAP.
402 204 531 256 xxiv]
760 214 893 245 riissER
919 213 1126 245 TERTIUS.

289 333 391 367 vere,
426 320 498 357 nisi
532 320 579 356 de
612 328 721 356 tanto
754 318 893 366 puniat
928 317 1246 359 misericorditer,
1280 330 1361 354 non
1396 319 1501 365 quod
1526 317 1592 353 uni

291 378 393 427 parti
445 377 706 426 quantitative
754 385 820 412 aut
863 376 1092 423 qualitative
1140 388 1240 422 pene
1285 377 1593 422 correspondeat

291 449 381 484 pars
434 448 503 483 per
565 447 604 471 se
658 443 694 470 et
749 434 1003 481 appropriate
1058 432 1329 469 misericordia
1388 441 1423 468 et
1481 432 1592 468 alteri

290 492 458 535 iusticia,
510 494 576 529 sed
622 492 728 539 quod
772 490 809 525 in
856 491 964 526 omni
1012 503 1112 538 pena
1159 490 1306 526 mixtim
1353 499 1593 526 concurrant

257 550 573 595 51nisericordia‚
634 547 819 585 iudicium
876 557 994 596 atque
1052 547 1205 584 iusticia
1257 560 1373 595 super
1423 547 1593 594 singulas

237 854 274 874 10

238 1132 271 1163 15

235 1709 273 1740 25

236 1997 276 2027 '3‘0

234 2580 278 2610 4o

290 621 424 656 penas,
484 619 529 643 eo
582 607 686 656 quod
738 605 840 642 sicut
891 605 1066 642 Trinitas
1119 614 1176 642 est
1219 604 1496 653 inseparabilis
1539 604 1593 640 sic

292 663 573 713 inseparabilia
625 672 716 700 sunt
768 676 887 711 opera
933 662 1155 712 Trinitatis,
1207 662 1263 699 sic
1315 663 1420 710 quod
1473 675 1591 710 quam

288 725 433 759 iustum
488 730 545 758 est
597 722 703 770 quod
756 723 860 757 Deus
912 720 967 757 sic
1019 720 1168 768 puniat,
1235 728 1314 756 tam
1371 719 1593 756 misericors

289 789 345 818 est
388 780 493 828 quod
537 780 591 816 sic
634 778 772 827 puniat
821 787 858 814 et
909 786 1081 826 econtra,
1146 779 1246 814 sicut
1296 787 1373 814 tres
1426 789 1594 825 persone

290 838 362 875 sibi
400 837 567 873 invicem
609 845 699 873 sunt
737 837 907 884 equales.
959 837 998 872 Si
1036 834 1140 871 enim
1175 837 1278 872 Deus
1315 836 1472 883 puniret
1505 847 1594 882 pec—

290 905 464 933 catorem
500 894 599 930 iuste
633 903 668 930 et
701 906 780 930 non
815 893 1135 942 misericorditer,
1178 901 1271 929 tunc
1315 905 1397 928 non
1437 892 1594 940 puniret

288 954 398 990 illum
445 952 633 989 miserum
679 953 728 988 ad
773 953 957 988 decorem
1000 950 1170 986 universi
1215 963 1284 998 pro
1337 949 1594 986 rectificanda

289 1009 444 1061 iniuria,
478 1009 679 1057 diligendo
708 1018 892 1045 naturam
918 1008 1111 1056 punitam,
1147 1020 1193 1044 eo
1217 1009 1324 1056 quod
1349 1009 1442 1044 dato
1465 1020 1592 1055 oppo-

289 1071 362 1106 sito
396 1081 497 1116 pena
531 1067 630 1104 foret
662 1080 762 1115 opus
797 1066 1061 1112 miserem-die,
1103 1067 1194 1113 quia
1227 1065 1267 1101 in
1303 1067 1443 1102 misero
1477 1065 1593 1101 recti-

292 1127 430 1163 licacio
463 1125 715 1173 turpitudinis
748 1133 868 1172 atque
901 1123 1053 1162 iniurie.
1107 1123 1217 1159 Sicut
1255 1123 1374 1171 igitur
1407 1131 1463 1159 est
1496 1135 1594 1170 opus

291 1183 562 1220 misericordie
607 1182 805 1230 premiare
849 1183 970 1218 iustos
1014 1183 1067 1217 sic
1107 1189 1141 1216 et
1178 1181 1319 1228 punire
1365 1189 1595 1228 peccatores

291 1252 327 1278 et
360 1240 571 1289 utrobique
615 1242 715 1276 iusta
748 1239 940 1276 mercedis
973 1239 1217 1285 distribucio‚
1263 1251 1353 1274 nam
1400 1238 1504 1274 idem
1540 1246 1596 1274 cst

290 1300 432 1348 punire
454 1298 632 1347 graciose
657 1307 692 1334 et
717 1297 1024 1333 misericorditer
1053 1305 1321 1344 peccatorem,
1355 1297 1467 1332 Unde
1491 1298 1594 1331 Deus

291 1367 348 1394 est
382 1357 561 1394 absolute
594 1365 631 1392 et
664 1355 888 1392 necessario
922 1354 1012 1403 quia
1052 1366 1121 1401 per
1153 1366 1193 1390 se
1228 1353 1464 1398 misericors,
1499 1362 1535 1388 et
1566 1354 1592 1387 si

290 1428 369 1451 non
410 1423 511 1451 esset
544 1411 549 1466 1
578 1413 729 1462 peccati
770 1414 940 1457 miseria,
985 1421 1078 1448 tunc
1120 1425 1199 1448 non
1236 1420 1335 1448 esset
1372 1411 1593 1449 miserator,

290 1474 356 1509 scd
390 1472 592 1520 graciosus
625 1470 804 1507 beneficii
836 1469 1061 1521 retributor,
1096 1478 1133 1505 et
1166 1469 1220 1506 sic
1252 1469 1345 1505 licet
1377 1470 1423 1504 sit
1456 1480 1524 1516 per
1555 1481 1594 1505 sc

293 1531 514 1567 misericors
548 1538 604 1565 est
638 1537 771 1565 tamen
804 1540 874 1576 per
907 1527 1092 1564 accidens
1128 1528 1346 1565 miserator.

349 1589 424 1624 Sed
469 1586 674 1635 supposito
721 1595 885 1634 peccato
933 1584 1206 1621 misericordia
1252 1584 1323 1620 Dei
1375 1583 1597 1620 extenditur

291 1658 407 1693 super
439 1646 572 1682 omnia
604 1657 726 1693 opera
760 1645 850 1689 eius,
887 1656 931 1679 eo
960 1644 1065 1691 quod
1099 1643 1229 1690 passio
1254 1641 1400 1678 Christi
1433 1630 1594 1678 omnem

291 1712 443 1751 partem
481 1703 614 1739 mundi
647 1702 856 1738 restituens
900 1702 948 1737 ad
982 1700 1271 1748 perfeccionem
1312 1700 1525 1736 secundam
1561 1707 1598 1734 et

293 1762 393 1797 ultra
425 1774 543 1809 quam
579 1760 651 1796 fuit
684 1760 879 1807 perfeccio
913 1771 1029 1806 quam
1065 1759 1172 1805 prius
1205 1757 1344 1794 habuit
1376 1770 1395 1793 a
1427 1769 1503 1805 qua
1538 1769 1596 1792 ce-

292 1819 387 1855 cidit
418 1831 487 1866 per
520 1826 740 1866 peccatum.
774 1818 888 1853 Unde
911 1829 991 1852 non
1015 1816 1177 1851 dubium
1203 1816 1296 1863 quin
1321 1818 1423 1851 Deus
1448 1814 1597 1850 miseri—

291 1875 464 1912 corditer
489 1875 637 1924 punivit
660 1883 787 1911 totum
805 1886 1014 1910 numerum
1041 1874 1364 1921 dampnatorum,
1389 1881 1425 1908 et
1450 1872 1599 1907 miseri-

292 1934 450 1970 cordius
483 1935 512 1971 si
545 1933 702 1982 puniret
733 1932 904 1978 acucius,
950 1932 1155 1978 supposita
1187 1930 1356 1978 paritate
1395 1929 1599 1977 gravitatis

292 1993 456 2040 peccati,
502 1991 596 2040 quia
640 1990 763 2038 magis
808 1991 956 2025 bonum
1004 2001 1103 2036 pene
1149 1988 1310 2024 inferret
1349 2000 1421 2035 pro
1455 1987 1598 2022 minori

293 2049 482 2097 dignitate
516 2049 688 2097 peccati3
724 2049 829 2096 quod
864 2059 943 2083 non
979 2055 1111 2094 posset
1135 2046 1264 2082 facere
1286 2045 1359 2082 nisi
1382 2057 1425 2081 ex
1449 2057 1597 2081 amore.

293 2109 405 2143 Unde
429 2108 591 2155 quando
616 2109 720 2142 Deus
745 2107 811 2142 dat
835 2105 990 2141 veniam
1025 2117 1098 2151 pro
1126 2113 1304 2151 peccato,
1340 2104 1448 2151 prius
1472 2101 1599 2150 digni-

294 2165 384 2201 ficat
430 2173 681 2212 peccatorem
729 2163 778 2199 ad
822 2163 1146 2210 consequendum
1182 2162 1336 2198 veniam
1382 2168 1418 2196 et
1462 2172 1600 2196 conse-

293 2232 459 2271 quenter
503 2231 592 2270 post
626 2221 857 2269 dignitatem
904 2220 1188 2256 contricionem
1225 2226 1499 2266 suggerentem
1534 2219 1601 2253 dat

292 2280 461 2325 veniam,
508 2280 563 2316 ita
601 2280 707 2327 quod
746 2277 975 2326 inpossibile
1015 2286 1071 2312 est
1105 2279 1228 2312 Deum
1274 2275 1476 2313 remittere
1510 2288 1598 2322 pec-

294 2347 440 2383 catum,
487 2337 562 2373 nisi
605 2337 710 2385 prius
756 2337 803 2372 sit
848 2337 1007 2382 dignum
1043 2336 1167 2370 venia.
1221 2334 1342 2370 Racio
1380 2335 1512 2381 itaque
1544 2345 1599 2368 re-

295 2395 491 2432 missionis
524 2396 583 2431 vel
615 2395 723 2430 venie
756 2402 832 2429 stat
864 2394 902 2428 in
935 2394 1009 2428 isto
1043 2393 1150 2440 quod
1184 2405 1256 2439 pro
1290 2399 1453 2439 peccato
1488 2391 1599 2438 culpe

293 2466 364 2501 pro
398 2466 476 2501 quo
509 2460 695 2501 peccator
727 2464 806 2487 non
840 2459 974 2498 posset
1007 2463 1076 2497 per
1108 2461 1147 2485 se
1170 2449 1397 2485 satisfacere
1420 2448 1600 2484 Christus

293 2511 480 2547 satisfecit
514 2511 702 2547 merendo
737 2517 772 2545 et
806 2507 956 2544 emollit
990 2520 1058 2544 cor
1090 2506 1310 2555 peccatoris
1343 2515 1384 2542 ut
1422 2507 1600 2554 penitens

294 2577 560 2614 convertatur,
607 2575 643 2603 et
686 2568 738 2603 sic
784 2566 880 2602 illud
913 2573 1119 2613 peccatum
1154 2564 1209 2600 ire
1242 2566 1347 2612 quod
1383 2564 1482 2600 foret
1513 2576 1601 2611 per-

293 2635 457 2674 petuum
491 2626 551 2662 vel
593 2633 801 2673 peccatum
848 2631 1082 2671 perpetuum
1131 2621 1326 2658 comitans
1371 2621 1445 2658 nisi
1482 2622 1600 2656 inter-

295 2685 452 2720 cederet
497 2682 767 2719 misericordia
812 2681 1076 2729 redemptoris
1128 2680 1276 2716 factum
1322 2688 1380 2715 est
1430 2679 1599 2725 veniale3

362 2803 386 2831 3.
408 2804 503 2832 Cod.:
522 2812 580 2839 par
596 2812 661 2839 per.
736 2811 769 2829 20
803 2802 899 2830 Cod.:
919 2801 972 2830 sed
990 2805 1070 2829 tnnc.
1144 2800 1186 2830 23.
1209 2801 1303 2830 Cod.:
1326 2800 1520 2829 extendatur.

362 2861 405 2890 De
425 2861 514 2890 Civili
535 2861 681 2889 Dominio
700 2861 753 2889 ΙΙΙ.
1422 2860 1463 2895 36

1618 1131 1664 1157 'l‘o
1687 1131 1796 1165 punish
1820 1131 1870 1157 tlie

1639 1166 1753 1192 wiclx'ed
1781 1166 1805 1191 is
1826 1175 1858 1191 as

1624 1200 1759 1227 mercisul
1781 1209 1813 1226 as
1835 1205 1864 1226 to

1651 1235 1767 1262 reward
1790 1235 1839 1261 the

1712 1274 1783 1304 Just.

1681 1591 1814 1618 Clirist's

1649 1626 1771 1660 passion
1795 1626 1849 1652 has

1664 1661 1753 1687 made
1774 1662 1824 1687 the

1647 1696 1742 1722 world
1766 1703 1850 1722 more

1643 1730 1756 1764 perfect
1776 1730 1847 1756 thau

1621 1765 1723 1792 before
1744 1764 1793 1791 tlie
1814 1764 1875 1791 fall.
