<?xml version="1.0" encoding="UTF-8"?>
<!DOCTYPE html PUBLIC "-//W3C//DTD XHTML 1.0 Transitional//EN"
    "http://www.w3.org/TR/xhtml1/DTD/xhtml1-transitional.dtd">
<html xmlns="http://www.w3.org/1999/xhtml" xml:lang="en" lang="en">
 <head>
  <title>
</title>
<meta http-equiv="Content-Type" content="text/html;charset=utf-8" />
  <meta name='ocr-system' content='tesseract 3.04.00' />
  <meta name='ocr-capabilities' content='ocr_page ocr_carea ocr_par ocr_line ocrx_word'/>
</head>
<body>
  <div class='ocr_page' id='page_1' title='image "./decivilidominio04wycl_0255.png"; bbox 0 0 2050 3292; ppageno 0'>
   <div class='ocr_carea' id='block_1_1' title="bbox 191 842 227 862">
    <p class='ocr_par' dir='ltr' id='par_1_1' title="bbox 191 842 227 862">
     <span class='ocr_line' id='line_1_1' title="bbox 191 842 227 862; baseline 0 0"><span class='ocrx_word' id='word_1_1' title='bbox 191 842 227 862; x_wconf 76' lang='lat' dir='ltr'>XO</span> 
     </span>
    </p>
   </div>
   <div class='ocr_carea' id='block_1_2' title="bbox 190 1120 224 1152">
    <p class='ocr_par' dir='ltr' id='par_1_2' title="bbox 190 1120 224 1152">
     <span class='ocr_line' id='line_1_2' title="bbox 190 1120 224 1152; baseline 0.029 -1"><span class='ocrx_word' id='word_1_2' title='bbox 190 1120 224 1152; x_wconf 72' lang='lat'>15</span> 
     </span>
    </p>
   </div>
   <div class='ocr_carea' id='block_1_3' title="bbox 125 1179 203 1218">
    <p class='ocr_par' dir='ltr' id='par_1_3' title="bbox 125 1179 203 1218">
     <span class='ocr_line' id='line_1_3' title="bbox 125 1179 203 1218; baseline 0.026 -10"><span class='ocrx_word' id='word_1_3' title='bbox 125 1179 203 1218; x_wconf 68' lang='lat'>245⁶</span> 
     </span>
    </p>
   </div>
   <div class='ocr_carea' id='block_1_4' title="bbox 248 188 1089 244">
    <p class='ocr_par' dir='ltr' id='par_1_4' title="bbox 248 188 1089 244">
     <span class='ocr_line' id='line_1_4' title="bbox 248 188 1089 244; baseline 0.004 -16"><span class='ocrx_word' id='word_1_4' title='bbox 248 198 336 226; x_wconf 72' lang='lat' dir='ltr'>CAr.</span> <span class='ocrx_word' id='word_1_5' title='bbox 358 188 484 244; x_wconf 68' lang='lat' dir='ltr'>xxm]</span> <span class='ocrx_word' id='word_1_6' title='bbox 721 201 855 232; x_wconf 59' lang='lat' dir='ltr'>marja</span> <span class='ocrx_word' id='word_1_7' title='bbox 880 200 1089 233; x_wconf 80' lang='lat' dir='ltr'>TERTIUS.</span> 
     </span>
    </p>
   </div>
   <div class='ocr_carea' id='block_1_5' title="bbox 240 305 1555 1396">
    <p class='ocr_par' dir='ltr' id='par_1_5' title="bbox 240 305 1555 1396">
     <span class='ocr_line' id='line_1_5' title="bbox 247 305 1554 356; baseline 0.002 -14"><span class='ocrx_word' id='word_1_8' title='bbox 247 308 353 355; x_wconf 87' lang='lat' dir='ltr'>quod</span> <span class='ocrx_word' id='word_1_9' title='bbox 380 306 503 343; x_wconf 87' lang='lat' dir='ltr'>multa</span> <span class='ocrx_word' id='word_1_10' title='bbox 527 315 689 355; x_wconf 86' lang='lat' dir='ltr'>peccata</span> <span class='ocrx_word' id='word_1_11' title='bbox 714 305 900 343; x_wconf 87' lang='lat' dir='ltr'>mortalia</span> <span class='ocrx_word' id='word_1_12' title='bbox 924 315 960 343; x_wconf 93' lang='lat' dir='ltr'>et</span> <span class='ocrx_word' id='word_1_13' title='bbox 976 307 1146 344; x_wconf 80' lang='lat' dir='ltr'>venialia</span> <span class='ocrx_word' id='word_1_14' title='bbox 1169 307 1336 344; x_wconf 86' lang='lat' dir='ltr'>fuissent</span> <span class='ocrx_word' id='word_1_15' title='bbox 1361 309 1554 356; x_wconf 87' lang='lat' dir='ltr'>dampna—</span> 
     </span>
     <span class='ocr_line' id='line_1_6' title="bbox 246 364 1555 414; baseline 0.002 -14"><span class='ocrx_word' id='word_1_16' title='bbox 246 364 341 401; x_wconf 90' lang='lat' dir='ltr'>bilia</span> <span class='ocrx_word' id='word_1_17' title='bbox 397 364 492 413; x_wconf 87' lang='lat' dir='ltr'>quia</span> <span class='ocrx_word' id='word_1_18' title='bbox 537 364 737 411; x_wconf 86' lang='lat' dir='ltr'>mortalia,</span> <span class='ocrx_word' id='word_1_19' title='bbox 784 364 1039 412; x_wconf 88' lang='lat' dir='ltr'>primomodo</span> <span class='ocrx_word' id='word_1_20' title='bbox 1073 365 1103 401; x_wconf 92' lang='lat' dir='ltr'>si</span> <span class='ocrx_word' id='word_1_21' title='bbox 1139 365 1322 401; x_wconf 86' lang='lat' dir='ltr'>meritum</span> <span class='ocrx_word' id='word_1_22' title='bbox 1358 366 1555 414; x_wconf 81' lang='lat' dir='ltr'>passionis</span> 
     </span>
     <span class='ocr_line' id='line_1_7' title="bbox 246 421 1553 470; baseline 0.002 -12"><span class='ocrx_word' id='word_1_23' title='bbox 246 421 391 458; x_wconf 80' lang='lat' dir='ltr'>Christi</span> <span class='ocrx_word' id='word_1_24' title='bbox 426 435 507 458; x_wconf 89' lang='lat' dir='ltr'>non</span> <span class='ocrx_word' id='word_1_25' title='bbox 539 421 796 465; x_wconf 82' lang='lat' dir='ltr'>satisfaceret,</span> <span class='ocrx_word' id='word_1_26' title='bbox 839 421 933 469; x_wconf 90' lang='lat' dir='ltr'>quia</span> <span class='ocrx_word' id='word_1_27' title='bbox 980 435 1098 458; x_wconf 86' lang='lat' dir='ltr'>omne</span> <span class='ocrx_word' id='word_1_28' title='bbox 1138 432 1346 470; x_wconf 86' lang='lat' dir='ltr'>peccatum</span> <span class='ocrx_word' id='word_1_29' title='bbox 1388 425 1553 461; x_wconf 90' lang='lat' dir='ltr'>humani</span> 
     </span>
     <span class='ocr_line' id='line_1_8' title="bbox 244 479 1553 528; baseline 0.002 -12"><span class='ocrx_word' id='word_1_30' title='bbox 244 480 399 528; x_wconf 81' lang='lat' dir='ltr'>generis</span> <span class='ocrx_word' id='word_1_31' title='bbox 430 493 512 516; x_wconf 91' lang='lat' dir='ltr'>non</span> <span class='ocrx_word' id='word_1_32' title='bbox 546 479 683 516; x_wconf 86' lang='lat' dir='ltr'>fuisset</span> <span class='ocrx_word' id='word_1_33' title='bbox 715 479 939 516; x_wconf 84' lang='lat' dir='ltr'>redimibile</span> <span class='ocrx_word' id='word_1_34' title='bbox 974 480 1056 516; x_wconf 87' lang='lat' dir='ltr'>sine</span> <span class='ocrx_word' id='word_1_35' title='bbox 1089 480 1175 524; x_wconf 68' lang='lat'>11103</span> <span class='ocrx_word' id='word_1_36' title='bbox 1210 493 1281 517; x_wconf 89' lang='lat' dir='ltr'>nec</span> <span class='ocrx_word' id='word_1_37' title='bbox 1315 482 1416 522; x_wconf 88' lang='lat' dir='ltr'>tollit</span> <span class='ocrx_word' id='word_1_38' title='bbox 1447 482 1553 518; x_wconf 86' lang='lat' dir='ltr'>dicta</span> 
     </span>
     <span class='ocr_line' id='line_1_9' title="bbox 246 537 1553 587; baseline 0.002 -14"><span class='ocrx_word' id='word_1_39' title='bbox 246 537 440 574; x_wconf 89' lang='lat' dir='ltr'>medicina</span> <span class='ocrx_word' id='word_1_40' title='bbox 462 546 671 585; x_wconf 88' lang='lat' dir='ltr'>peccatum</span> <span class='ocrx_word' id='word_1_41' title='bbox 704 537 866 586; x_wconf 79' lang='lat' dir='ltr'>aliquod</span> <span class='ocrx_word' id='word_1_42' title='bbox 897 537 974 574; x_wconf 88' lang='lat' dir='ltr'>nisi</span> <span class='ocrx_word' id='word_1_43' title='bbox 1009 538 1048 574; x_wconf 87' lang='lat' dir='ltr'>in</span> <span class='ocrx_word' id='word_1_44' title='bbox 1080 538 1261 574; x_wconf 85' lang='lat' dir='ltr'>subiecto</span> <span class='ocrx_word' id='word_1_45' title='bbox 1294 539 1444 587; x_wconf 83' lang='lat' dir='ltr'>capaci,</span> <span class='ocrx_word' id='word_1_46' title='bbox 1480 541 1553 576; x_wconf 91' lang='lat' dir='ltr'>hoc</span> 
     </span>
     <span class='ocr_line' id='line_1_10' title="bbox 245 594 1552 643; baseline 0.002 -12"><span class='ocrx_word' id='word_1_47' title='bbox 245 604 302 631; x_wconf 86' lang='lat' dir='ltr'>est</span> <span class='ocrx_word' id='word_1_48' title='bbox 347 595 386 631; x_wconf 89' lang='lat' dir='ltr'>in</span> <span class='ocrx_word' id='word_1_49' title='bbox 420 595 580 631; x_wconf 89' lang='lat' dir='ltr'>homine</span> <span class='ocrx_word' id='word_1_50' title='bbox 626 594 694 643; x_wconf 89' lang='lat' dir='ltr'>qui</span> <span class='ocrx_word' id='word_1_51' title='bbox 727 596 808 631; x_wconf 89' lang='lat' dir='ltr'>vult</span> <span class='ocrx_word' id='word_1_52' title='bbox 853 595 1034 643; x_wconf 86' lang='lat' dir='ltr'>accipere</span> <span class='ocrx_word' id='word_1_53' title='bbox 1075 596 1332 643; x_wconf 77' lang='lat' dir='ltr'>medicinam,</span> <span class='ocrx_word' id='word_1_54' title='bbox 1380 610 1468 633; x_wconf 86' lang='lat' dir='ltr'>cum</span> <span class='ocrx_word' id='word_1_55' title='bbox 1504 597 1552 634; x_wconf 91' lang='lat' dir='ltr'>sit</span> 
     </span>
     <span class='ocr_line' id='line_1_11' title="bbox 244 652 1552 702; baseline 0.002 -14"><span class='ocrx_word' id='word_1_56' title='bbox 244 661 326 689; x_wconf 85' lang='lat' dir='ltr'>tota</span> <span class='ocrx_word' id='word_1_57' title='bbox 358 661 500 689; x_wconf 87' lang='lat' dir='ltr'>natura</span> <span class='ocrx_word' id='word_1_58' title='bbox 533 652 637 689; x_wconf 88' lang='lat' dir='ltr'>illius</span> <span class='ocrx_word' id='word_1_59' title='bbox 672 652 868 689; x_wconf 77' lang='lat' dir='ltr'><strong>medicine</strong></span> <span class='ocrx_word' id='word_1_60' title='bbox 892 662 928 689; x_wconf 92' lang='lat' dir='ltr'>et</span> <span class='ocrx_word' id='word_1_61' title='bbox 953 653 1095 699; x_wconf 82' lang='lat' dir='ltr'>morbi,</span> <span class='ocrx_word' id='word_1_62' title='bbox 1130 653 1224 702; x_wconf 89' lang='lat' dir='ltr'>quia</span> <span class='ocrx_word' id='word_1_63' title='bbox 1249 654 1447 691; x_wconf 81' lang='lat' dir='ltr'>medicina</span> <span class='ocrx_word' id='word_1_64' title='bbox 1473 668 1552 691; x_wconf 91' lang='lat' dir='ltr'>non</span> 
     </span>
     <span class='ocr_line' id='line_1_12' title="bbox 242 709 1552 759; baseline 0.003 -14"><span class='ocrx_word' id='word_1_65' title='bbox 242 709 469 758; x_wconf 77' lang='lat' dir='ltr'>applicetur</span> <span class='ocrx_word' id='word_1_66' title='bbox 506 710 578 747; x_wconf 88' lang='lat' dir='ltr'>nisi</span> <span class='ocrx_word' id='word_1_67' title='bbox 612 711 787 747; x_wconf 84' lang='lat' dir='ltr'>admissa</span> <span class='ocrx_word' id='word_1_68' title='bbox 819 712 879 746; x_wconf 85' lang='lat' dir='ltr'>vel</span> <span class='ocrx_word' id='word_1_69' title='bbox 912 712 1018 759; x_wconf 84' lang='lat' dir='ltr'>quod</span> <span class='ocrx_word' id='word_1_70' title='bbox 1064 713 1226 748; x_wconf 84' lang='lat' dir='ltr'>morbus</span> <span class='ocrx_word' id='word_1_71' title='bbox 1271 720 1434 748; x_wconf 86' lang='lat' dir='ltr'>sanetur</span> <span class='ocrx_word' id='word_1_72' title='bbox 1478 713 1552 749; x_wconf 87' lang='lat' dir='ltr'>nisi</span> 
     </span>
     <span class='ocr_line' id='line_1_13' title="bbox 244 768 1551 818; baseline 0.002 -15"><span class='ocrx_word' id='word_1_73' title='bbox 244 777 485 816; x_wconf 75' lang='lat' dir='ltr'>cooperante</span> <span class='ocrx_word' id='word_1_74' title='bbox 517 769 723 804; x_wconf 83' lang='lat' dir='ltr'>vulnerato</span> <span class='ocrx_word' id='word_1_75' title='bbox 757 768 1006 816; x_wconf 87' lang='lat' dir='ltr'>displicendo</span> <span class='ocrx_word' id='word_1_76' title='bbox 1043 770 1089 805; x_wconf 89' lang='lat' dir='ltr'>de</span> <span class='ocrx_word' id='word_1_77' title='bbox 1133 769 1201 805; x_wconf 89' lang='lat' dir='ltr'>illo</span> <span class='ocrx_word' id='word_1_78' title='bbox 1248 772 1356 818; x_wconf 86' lang='lat' dir='ltr'>quod</span> <span class='ocrx_word' id='word_1_79' title='bbox 1401 770 1551 806; x_wconf 88' lang='lat' dir='ltr'>inordi-</span> 
     </span>
     <span class='ocr_line' id='line_1_14' title="bbox 243 826 1550 875; baseline 0.002 -14"><span class='ocrx_word' id='word_1_80' title='bbox 243 834 334 862; x_wconf 86' lang='lat' dir='ltr'>nate</span> <span class='ocrx_word' id='word_1_81' title='bbox 367 826 627 873; x_wconf 88' lang='lat' dir='ltr'>complacuit,</span> <span class='ocrx_word' id='word_1_82' title='bbox 663 839 751 862; x_wconf 89' lang='lat' dir='ltr'>cum</span> <span class='ocrx_word' id='word_1_83' title='bbox 788 826 909 863; x_wconf 89' lang='lat' dir='ltr'>averti</span> <span class='ocrx_word' id='word_1_84' title='bbox 943 839 965 863; x_wconf 90' lang='lat' dir='ltr'>a</span> <span class='ocrx_word' id='word_1_85' title='bbox 998 835 1163 874; x_wconf 86' lang='lat' dir='ltr'>peccato</span> <span class='ocrx_word' id='word_1_86' title='bbox 1197 827 1400 875; x_wconf 82' lang='lat' dir='ltr'>diligendo</span> <span class='ocrx_word' id='word_1_87' title='bbox 1424 831 1550 864; x_wconf 86' lang='lat' dir='ltr'>Deum</span> 
     </span>
     <span class='ocr_line' id='line_1_15' title="bbox 243 883 1553 934; baseline 0.003 -15"><span class='ocrx_word' id='word_1_88' title='bbox 243 896 323 920; x_wconf 91' lang='lat' dir='ltr'>non</span> <span class='ocrx_word' id='word_1_89' title='bbox 356 883 503 931; x_wconf 85' lang='lat' dir='ltr'>poterit</span> <span class='ocrx_word' id='word_1_90' title='bbox 536 883 611 920; x_wconf 86' lang='lat' dir='ltr'>nisi</span> <span class='ocrx_word' id='word_1_91' title='bbox 642 884 792 926; x_wconf 84' lang='lat' dir='ltr'>volens.</span> <span class='ocrx_word' id='word_1_92' title='bbox 827 884 938 921; x_wconf 85' lang='lat' dir='ltr'>Sicut</span> <span class='ocrx_word' id='word_1_93' title='bbox 961 884 1083 932; x_wconf 85' lang='lat' dir='ltr'>igitur</span> <span class='ocrx_word' id='word_1_94' title='bbox 1107 885 1306 922; x_wconf 87' lang='lat' dir='ltr'>medicina</span> <span class='ocrx_word' id='word_1_95' title='bbox 1331 886 1553 934; x_wconf 84' lang='lat' dir='ltr'>corporalis</span> 
     </span>
     <span class='ocr_line' id='line_1_16' title="bbox 243 941 1552 991; baseline 0.002 -14"><span class='ocrx_word' id='word_1_96' title='bbox 243 954 324 977; x_wconf 88' lang='lat' dir='ltr'>non</span> <span class='ocrx_word' id='word_1_97' title='bbox 356 950 471 978; x_wconf 87' lang='lat' dir='ltr'>sanat</span> <span class='ocrx_word' id='word_1_98' title='bbox 503 941 578 978; x_wconf 88' lang='lat' dir='ltr'>nisi</span> <span class='ocrx_word' id='word_1_99' title='bbox 611 950 852 989; x_wconf 81' lang='lat' dir='ltr'>cooperante</span> <span class='ocrx_word' id='word_1_100' title='bbox 884 942 1028 978; x_wconf 89' lang='lat' dir='ltr'>virtute</span> <span class='ocrx_word' id='word_1_101' title='bbox 1061 943 1241 986; x_wconf 79' lang='lat' dir='ltr'>sanandi,</span> <span class='ocrx_word' id='word_1_102' title='bbox 1288 952 1331 979; x_wconf 88' lang='lat' dir='ltr'>ut</span> <span class='ocrx_word' id='word_1_103' title='bbox 1365 952 1472 991; x_wconf 85' lang='lat' dir='ltr'>patet</span> <span class='ocrx_word' id='word_1_104' title='bbox 1506 946 1552 980; x_wconf 87' lang='lat' dir='ltr'>de</span> 
     </span>
     <span class='ocr_line' id='line_1_17' title="bbox 244 998 1551 1051; baseline 0.003 -17"><span class='ocrx_word' id='word_1_105' title='bbox 244 998 449 1035; x_wconf 84' lang='lat' dir='ltr'>medicinis</span> <span class='ocrx_word' id='word_1_106' title='bbox 494 999 685 1047; x_wconf 88' lang='lat' dir='ltr'>appositis</span> <span class='ocrx_word' id='word_1_107' title='bbox 731 999 881 1035; x_wconf 83' lang='lat' dir='ltr'>morbis</span> <span class='ocrx_word' id='word_1_108' title='bbox 925 1009 962 1036; x_wconf 89' lang='lat' dir='ltr'>et</span> <span class='ocrx_word' id='word_1_109' title='bbox 1007 1001 1138 1036; x_wconf 89' lang='lat' dir='ltr'>calore</span> <span class='ocrx_word' id='word_1_110' title='bbox 1183 1001 1378 1051; x_wconf 78' lang='lat' dir='ltr'>extinctis,</span> <span class='ocrx_word' id='word_1_111' title='bbox 1424 1001 1551 1038; x_wconf 86' lang='lat' dir='ltr'>sicin</span> 
     </span>
     <span class='ocr_line' id='line_1_18' title="bbox 244 1056 1553 1106; baseline 0.002 -14"><span class='ocrx_word' id='word_1_112' title='bbox 244 1056 443 1093; x_wconf 87' lang='lat' dir='ltr'>medicina</span> <span class='ocrx_word' id='word_1_113' title='bbox 490 1056 706 1106; x_wconf 81' lang='lat' dir='ltr'>spirituali3</span> <span class='ocrx_word' id='word_1_114' title='bbox 750 1057 842 1094; x_wconf 88' lang='lat' dir='ltr'>licet</span> <span class='ocrx_word' id='word_1_115' title='bbox 875 1058 993 1105; x_wconf 83' lang='lat' dir='ltr'>igitur</span> <span class='ocrx_word' id='word_1_116' title='bbox 1028 1058 1215 1094; x_wconf 87' lang='lat' dir='ltr'>meritum</span> <span class='ocrx_word' id='word_1_117' title='bbox 1251 1059 1397 1095; x_wconf 78' lang='lat' dir='ltr'>Christi</span> <span class='ocrx_word' id='word_1_118' title='bbox 1431 1060 1479 1095; x_wconf 88' lang='lat' dir='ltr'>sit</span> <span class='ocrx_word' id='word_1_119' title='bbox 1513 1059 1553 1096; x_wconf 94' lang='lat' dir='ltr'>in</span> 
     </span>
     <span class='ocr_line' id='line_1_19' title="bbox 242 1114 1553 1163; baseline 0.002 -13"><span class='ocrx_word' id='word_1_120' title='bbox 242 1127 280 1150; x_wconf 88' lang='lat' dir='ltr'>se</span> <span class='ocrx_word' id='word_1_121' title='bbox 334 1114 535 1151; x_wconf 86' lang='lat' dir='ltr'>sufficiens</span> <span class='ocrx_word' id='word_1_122' title='bbox 588 1116 637 1151; x_wconf 89' lang='lat' dir='ltr'>ad</span> <span class='ocrx_word' id='word_1_123' title='bbox 688 1115 910 1152; x_wconf 90' lang='lat' dir='ltr'>tollendum</span> <span class='ocrx_word' id='word_1_124' title='bbox 963 1128 1084 1152; x_wconf 88' lang='lat' dir='ltr'>omne</span> <span class='ocrx_word' id='word_1_125' title='bbox 1128 1125 1335 1163; x_wconf 89' lang='lat' dir='ltr'>peccatum</span> <span class='ocrx_word' id='word_1_126' title='bbox 1386 1118 1553 1153; x_wconf 89' lang='lat' dir='ltr'>humani</span> 
     </span>
     <span class='ocr_line' id='line_1_20' title="bbox 242 1170 1552 1225; baseline 0.002 -17"><span class='ocrx_word' id='word_1_127' title='bbox 242 1172 412 1220; x_wconf 85' lang='lat' dir='ltr'>generis,</span> <span class='ocrx_word' id='word_1_128' title='bbox 429 1174 524 1208; x_wconf 85' lang='lat' dir='ltr'>dum</span> <span class='ocrx_word' id='word_1_129' title='bbox 549 1181 735 1220; x_wconf 86' lang='lat' dir='ltr'>peccator</span> <span class='ocrx_word' id='word_1_130' title='bbox 751 1182 841 1221; x_wconf 88' lang='lat' dir='ltr'>apte</span> <span class='ocrx_word' id='word_1_131' title='bbox 860 1170 862 1225; x_wconf 60' lang='lat' dir='ltr'>l</span> <span class='ocrx_word' id='word_1_132' title='bbox 881 1173 1089 1209; x_wconf 86' lang='lat' dir='ltr'>admiserit</span> <span class='ocrx_word' id='word_1_133' title='bbox 1113 1173 1370 1220; x_wconf 81' lang='lat' dir='ltr'>medicinam,</span> <span class='ocrx_word' id='word_1_134' title='bbox 1395 1187 1552 1211; x_wconf 87' lang='lat' dir='ltr'>verum-</span> 
     </span>
     <span class='ocr_line' id='line_1_21' title="bbox 240 1230 1552 1280; baseline 0.002 -15"><span class='ocrx_word' id='word_1_135' title='bbox 240 1238 375 1266; x_wconf 85' lang='lat' dir='ltr'>tamen</span> <span class='ocrx_word' id='word_1_136' title='bbox 420 1230 676 1266; x_wconf 86' lang='lat' dir='ltr'>continuacio</span> <span class='ocrx_word' id='word_1_137' title='bbox 724 1230 852 1267; x_wconf 82' lang='lat' dir='ltr'>finalis</span> <span class='ocrx_word' id='word_1_138' title='bbox 904 1231 1172 1279; x_wconf 87' lang='lat' dir='ltr'>inpenitencie</span> <span class='ocrx_word' id='word_1_139' title='bbox 1217 1232 1552 1280; x_wconf 85' lang='lat' dir='ltr'>inpossibilitatur</span> 
     </span>
     <span class='ocr_line' id='line_1_22' title="bbox 242 1288 1551 1338; baseline 0.003 -15"><span class='ocrx_word' id='word_1_140' title='bbox 242 1289 375 1335; x_wconf 88' lang='lat' dir='ltr'>quoad</span> <span class='ocrx_word' id='word_1_141' title='bbox 421 1288 545 1324; x_wconf 89' lang='lat' dir='ltr'>multa</span> <span class='ocrx_word' id='word_1_142' title='bbox 596 1296 761 1335; x_wconf 87' lang='lat' dir='ltr'>peccata</span> <span class='ocrx_word' id='word_1_143' title='bbox 812 1298 1017 1337; x_wconf 87' lang='lat' dir='ltr'>perpetua.</span> <span class='ocrx_word' id='word_1_144' title='bbox 1068 1290 1233 1326; x_wconf 85' lang='lat' dir='ltr'>Videtur</span> <span class='ocrx_word' id='word_1_145' title='bbox 1280 1290 1400 1338; x_wconf 81' lang='lat' dir='ltr'>igitur</span> <span class='ocrx_word' id='word_1_146' title='bbox 1445 1293 1551 1338; x_wconf 86' lang='lat' dir='ltr'>quod</span> 
     </span>
     <span class='ocr_line' id='line_1_23' title="bbox 243 1345 1550 1396; baseline 0.003 -15"><span class='ocrx_word' id='word_1_147' title='bbox 243 1345 428 1382; x_wconf 86' lang='lat' dir='ltr'>meritum</span> <span class='ocrx_word' id='word_1_148' title='bbox 464 1345 610 1382; x_wconf 85' lang='lat' dir='ltr'>Christi</span> <span class='ocrx_word' id='word_1_149' title='bbox 654 1359 736 1382; x_wconf 86' lang='lat' dir='ltr'>non</span> <span class='ocrx_word' id='word_1_150' title='bbox 781 1346 861 1394; x_wconf 83' lang='lat' dir='ltr'>agit</span> <span class='ocrx_word' id='word_1_151' title='bbox 906 1346 1069 1395; x_wconf 84' lang='lat' dir='ltr'>aliquid,</span> <span class='ocrx_word' id='word_1_152' title='bbox 1117 1360 1204 1383; x_wconf 90' lang='lat' dir='ltr'>cum</span> <span class='ocrx_word' id='word_1_153' title='bbox 1247 1348 1295 1383; x_wconf 89' lang='lat' dir='ltr'>sit</span> <span class='ocrx_word' id='word_1_154' title='bbox 1329 1350 1376 1384; x_wconf 88' lang='lat' dir='ltr'>de</span> <span class='ocrx_word' id='word_1_155' title='bbox 1409 1361 1550 1396; x_wconf 80' lang='lat' dir='ltr'>genere</span> 
     </span>
    </p>
   </div>
   <div class='ocr_carea' id='block_1_6' title="bbox 185 1403 1552 1454">
    <p class='ocr_par' dir='ltr' id='par_1_6' title="bbox 185 1403 1552 1454">
     <span class='ocr_line' id='line_1_24' title="bbox 185 1403 1552 1454; baseline 0.001 -14"><span class='ocrx_word' id='word_1_156' title='bbox 185 1420 199 1440; x_wconf 81' lang='lat'>2</span> <span class='ocrx_word' id='word_1_157' title='bbox 242 1403 552 1452; x_wconf 88' lang='lat' dir='ltr'>respectivorum</span> <span class='ocrx_word' id='word_1_158' title='bbox 586 1405 655 1440; x_wconf 91' lang='lat' dir='ltr'>sed</span> <span class='ocrx_word' id='word_1_159' title='bbox 686 1403 780 1440; x_wconf 89' lang='lat' dir='ltr'>facit</span> <span class='ocrx_word' id='word_1_160' title='bbox 813 1415 1008 1453; x_wconf 86' lang='lat' dir='ltr'>quantum</span> <span class='ocrx_word' id='word_1_161' title='bbox 1043 1405 1206 1448; x_wconf 78' lang='lat' dir='ltr'>sufficit3</span> <span class='ocrx_word' id='word_1_162' title='bbox 1240 1419 1312 1442; x_wconf 91' lang='lat' dir='ltr'>ncc</span> <span class='ocrx_word' id='word_1_163' title='bbox 1346 1406 1552 1454; x_wconf 84' lang='lat' dir='ltr'>inpeditur</span> 
     </span>
    </p>
   </div>
   <div class='ocr_carea' id='block_1_7' title="bbox 240 1461 1550 1684">
    <p class='ocr_par' dir='ltr' id='par_1_7' title="bbox 240 1461 1550 1684">
     <span class='ocr_line' id='line_1_25' title="bbox 241 1461 1550 1511; baseline 0.003 -14"><span class='ocrx_word' id='word_1_164' title='bbox 241 1473 263 1497; x_wconf 89' lang='lat' dir='ltr'>a</span> <span class='ocrx_word' id='word_1_165' title='bbox 286 1463 369 1498; x_wconf 92' lang='lat' dir='ltr'>Deo</span> <span class='ocrx_word' id='word_1_166' title='bbox 402 1462 470 1497; x_wconf 88' lang='lat' dir='ltr'>sed</span> <span class='ocrx_word' id='word_1_167' title='bbox 503 1461 699 1510; x_wconf 81' lang='lat' dir='ltr'>dirigitur,</span> <span class='ocrx_word' id='word_1_168' title='bbox 733 1461 787 1498; x_wconf 86' lang='lat' dir='ltr'>ita</span> <span class='ocrx_word' id='word_1_169' title='bbox 821 1464 927 1510; x_wconf 89' lang='lat' dir='ltr'>quod</span> <span class='ocrx_word' id='word_1_170' title='bbox 960 1471 1042 1499; x_wconf 89' lang='lat' dir='ltr'>tota</span> <span class='ocrx_word' id='word_1_171' title='bbox 1074 1463 1328 1511; x_wconf 87' lang='lat' dir='ltr'>culpabilitas</span> <span class='ocrx_word' id='word_1_172' title='bbox 1352 1465 1550 1501; x_wconf 81' lang='lat' dir='ltr'>redundat</span> 
     </span>
     <span class='ocr_line' id='line_1_26' title="bbox 241 1518 1549 1570; baseline 0.004 -16"><span class='ocrx_word' id='word_1_173' title='bbox 241 1518 282 1554; x_wconf 86' lang='lat' dir='ltr'>in</span> <span class='ocrx_word' id='word_1_174' title='bbox 313 1519 631 1556; x_wconf 89' lang='lat' dir='ltr'>inobedienciam</span> <span class='ocrx_word' id='word_1_175' title='bbox 666 1519 870 1557; x_wconf 85' lang='lat' dir='ltr'>obstinati.</span> <span class='ocrx_word' id='word_1_176' title='bbox 905 1520 970 1557; x_wconf 86' lang='lat' dir='ltr'>Sic</span> <span class='ocrx_word' id='word_1_177' title='bbox 992 1520 1114 1569; x_wconf 82' lang='lat' dir='ltr'>igitur</span> <span class='ocrx_word' id='word_1_178' title='bbox 1137 1521 1325 1558; x_wconf 89' lang='lat' dir='ltr'>meritum</span> <span class='ocrx_word' id='word_1_179' title='bbox 1349 1521 1549 1570; x_wconf 86' lang='lat' dir='ltr'>sapiencie</span> 
     </span>
     <span class='ocr_line' id='line_1_27' title="bbox 240 1576 1550 1629; baseline 0.004 -17"><span class='ocrx_word' id='word_1_180' title='bbox 240 1576 449 1614; x_wconf 89' lang='lat' dir='ltr'>incarnate</span> <span class='ocrx_word' id='word_1_181' title='bbox 492 1577 587 1614; x_wconf 84' lang='lat' dir='ltr'>facit</span> <span class='ocrx_word' id='word_1_182' title='bbox 632 1589 675 1614; x_wconf 85' lang='lat' dir='ltr'>ex</span> <span class='ocrx_word' id='word_1_183' title='bbox 707 1590 864 1614; x_wconf 90' lang='lat' dir='ltr'>summa</span> <span class='ocrx_word' id='word_1_184' title='bbox 897 1578 1031 1627; x_wconf 82' lang='lat' dir='ltr'>gracia</span> <span class='ocrx_word' id='word_1_185' title='bbox 1065 1587 1101 1615; x_wconf 87' lang='lat' dir='ltr'>et</span> <span class='ocrx_word' id='word_1_186' title='bbox 1133 1579 1409 1616; x_wconf 86' lang='lat' dir='ltr'>misericordia</span> <span class='ocrx_word' id='word_1_187' title='bbox 1443 1583 1550 1629; x_wconf 87' lang='lat' dir='ltr'>quod</span> 
     </span>
     <span class='ocr_line' id='line_1_28' title="bbox 242 1634 1550 1684; baseline 0.003 -14"><span class='ocrx_word' id='word_1_188' title='bbox 242 1634 308 1671; x_wconf 87' lang='lat' dir='ltr'>illa</span> <span class='ocrx_word' id='word_1_189' title='bbox 342 1643 508 1683; x_wconf 89' lang='lat' dir='ltr'>peccata</span> <span class='ocrx_word' id='word_1_190' title='bbox 548 1647 623 1684; x_wconf 87' lang='lat' dir='ltr'>que</span> <span class='ocrx_word' id='word_1_191' title='bbox 662 1635 830 1672; x_wconf 85' lang='lat' dir='ltr'>facimus</span> <span class='ocrx_word' id='word_1_192' title='bbox 863 1648 907 1672; x_wconf 85' lang='lat' dir='ltr'>ex</span> <span class='ocrx_word' id='word_1_193' title='bbox 950 1636 1185 1684; x_wconf 81' lang='lat' dir='ltr'>ignorancia</span> <span class='ocrx_word' id='word_1_194' title='bbox 1217 1637 1437 1674; x_wconf 85' lang='lat' dir='ltr'>invincibili</span> <span class='ocrx_word' id='word_1_195' title='bbox 1471 1651 1550 1674; x_wconf 90' lang='lat' dir='ltr'>non</span> 
     </span>
    </p>
   </div>
   <div class='ocr_carea' id='block_1_8' title="bbox 209 1692 1550 1744">
    <p class='ocr_par' dir='ltr' id='par_1_8' title="bbox 209 1692 1550 1744">
     <span class='ocr_line' id='line_1_29' title="bbox 209 1692 1550 1744; baseline 0.003 -16"><span class='ocrx_word' id='word_1_196' title='bbox 209 1692 318 1731; x_wconf 73' lang='lat' dir='ltr'>5sint</span> <span class='ocrx_word' id='word_1_197' title='bbox 352 1692 552 1737; x_wconf 82' lang='lat' dir='ltr'>mortalia,</span> <span class='ocrx_word' id='word_1_198' title='bbox 587 1694 680 1729; x_wconf 90' lang='lat' dir='ltr'>dum</span> <span class='ocrx_word' id='word_1_199' title='bbox 704 1693 948 1730; x_wconf 85' lang='lat' dir='ltr'>voluerimus</span> <span class='ocrx_word' id='word_1_200' title='bbox 981 1694 1179 1743; x_wconf 81' lang='lat' dir='ltr'>penitere3</span> <span class='ocrx_word' id='word_1_201' title='bbox 1214 1703 1251 1731; x_wconf 91' lang='lat' dir='ltr'>et</span> <span class='ocrx_word' id='word_1_202' title='bbox 1282 1695 1338 1731; x_wconf 89' lang='lat' dir='ltr'>sic</span> <span class='ocrx_word' id='word_1_203' title='bbox 1367 1696 1550 1744; x_wconf 89' lang='lat' dir='ltr'>quamvis</span> 
     </span>
    </p>
   </div>
   <div class='ocr_carea' id='block_1_9' title="bbox 238 1750 1550 2381">
    <p class='ocr_par' dir='ltr' id='par_1_9' title="bbox 238 1750 1550 2381">
     <span class='ocr_line' id='line_1_30' title="bbox 240 1750 1550 1800; baseline 0.003 -14"><span class='ocrx_word' id='word_1_204' title='bbox 240 1758 369 1786; x_wconf 88' lang='lat' dir='ltr'>totum</span> <span class='ocrx_word' id='word_1_205' title='bbox 404 1750 670 1788; x_wconf 86' lang='lat' dir='ltr'>attribuamus</span> <span class='ocrx_word' id='word_1_206' title='bbox 705 1751 836 1787; x_wconf 81' lang='lat' dir='ltr'>divine</span> <span class='ocrx_word' id='word_1_207' title='bbox 871 1752 1157 1800; x_wconf 83' lang='lat' dir='ltr'>misericordie,</span> <span class='ocrx_word' id='word_1_208' title='bbox 1192 1754 1382 1790; x_wconf 89' lang='lat' dir='ltr'>debemus</span> <span class='ocrx_word' id='word_1_209' title='bbox 1414 1762 1550 1790; x_wconf 87' lang='lat' dir='ltr'>tamen</span> 
     </span>
     <span class='ocr_line' id='line_1_31' title="bbox 240 1807 1548 1858; baseline 0.003 -14"><span class='ocrx_word' id='word_1_210' title='bbox 240 1807 277 1843; x_wconf 86' lang='lat' dir='ltr'>in</span> <span class='ocrx_word' id='word_1_211' title='bbox 312 1809 386 1845; x_wconf 91' lang='lat' dir='ltr'>hoc</span> <span class='ocrx_word' id='word_1_212' title='bbox 418 1817 546 1845; x_wconf 86' lang='lat' dir='ltr'>totum</span> <span class='ocrx_word' id='word_1_213' title='bbox 592 1809 809 1846; x_wconf 83' lang='lat' dir='ltr'>attribuere</span> <span class='ocrx_word' id='word_1_214' title='bbox 848 1819 984 1846; x_wconf 90' lang='lat' dir='ltr'>nostre</span> <span class='ocrx_word' id='word_1_215' title='bbox 1017 1811 1243 1858; x_wconf 87' lang='lat' dir='ltr'>penitencie</span> <span class='ocrx_word' id='word_1_216' title='bbox 1286 1811 1377 1848; x_wconf 90' lang='lat' dir='ltr'>licet</span> <span class='ocrx_word' id='word_1_217' title='bbox 1409 1824 1548 1848; x_wconf 84' lang='lat' dir='ltr'>secun—</span> 
     </span>
     <span class='ocr_line' id='line_1_32' title="bbox 240 1865 1548 1917; baseline 0.004 -16"><span class='ocrx_word' id='word_1_218' title='bbox 240 1865 362 1903; x_wconf 87' lang='lat' dir='ltr'>darie.</span> <span class='ocrx_word' id='word_1_219' title='bbox 407 1868 454 1902; x_wconf 91' lang='lat' dir='ltr'>Et</span> <span class='ocrx_word' id='word_1_220' title='bbox 487 1867 587 1903; x_wconf 83' lang='lat' dir='ltr'>sicut</span> <span class='ocrx_word' id='word_1_221' title='bbox 623 1867 693 1903; x_wconf 90' lang='lat' dir='ltr'>Dei</span> <span class='ocrx_word' id='word_1_222' title='bbox 728 1867 1003 1904; x_wconf 87' lang='lat' dir='ltr'>misericordia</span> <span class='ocrx_word' id='word_1_223' title='bbox 1037 1868 1160 1904; x_wconf 83' lang='lat' dir='ltr'>nichil</span> <span class='ocrx_word' id='word_1_224' title='bbox 1193 1877 1323 1917; x_wconf 86' lang='lat' dir='ltr'>potest</span> <span class='ocrx_word' id='word_1_225' title='bbox 1361 1870 1445 1906; x_wconf 91' lang='lat' dir='ltr'>sine</span> <span class='ocrx_word' id='word_1_226' title='bbox 1478 1883 1548 1906; x_wconf 83' lang='lat' dir='ltr'>sua</span> 
     </span>
     <span class='ocr_line' id='line_1_33' title="bbox 240 1922 1548 1975; baseline 0.004 -16"><span class='ocrx_word' id='word_1_227' title='bbox 240 1922 396 1960; x_wconf 87' lang='lat' dir='ltr'>iusticia</span> <span class='ocrx_word' id='word_1_228' title='bbox 450 1924 761 1969; x_wconf 84' lang='lat' dir='ltr'>communicata,</span> <span class='ocrx_word' id='word_1_229' title='bbox 814 1925 870 1962; x_wconf 91' lang='lat' dir='ltr'>sic</span> <span class='ocrx_word' id='word_1_230' title='bbox 914 1928 1020 1962; x_wconf 90' lang='lat' dir='ltr'>Deus</span> <span class='ocrx_word' id='word_1_231' title='bbox 1073 1940 1152 1963; x_wconf 90' lang='lat' dir='ltr'>non</span> <span class='ocrx_word' id='word_1_232' title='bbox 1204 1936 1335 1975; x_wconf 87' lang='lat' dir='ltr'>potest</span> <span class='ocrx_word' id='word_1_233' title='bbox 1380 1928 1548 1975; x_wconf 88' lang='lat' dir='ltr'>quodvis</span> 
     </span>
     <span class='ocr_line' id='line_1_34' title="bbox 240 1983 1548 2031; baseline 0.003 -14"><span class='ocrx_word' id='word_1_234' title='bbox 240 1990 449 2028; x_wconf 86' lang='lat' dir='ltr'>peccatum</span> <span class='ocrx_word' id='word_1_235' title='bbox 495 1983 708 2028; x_wconf 84' lang='lat' dir='ltr'>remittere,</span> <span class='ocrx_word' id='word_1_236' title='bbox 763 1983 839 2020; x_wconf 90' lang='lat' dir='ltr'>nisi</span> <span class='ocrx_word' id='word_1_237' title='bbox 885 1992 1074 2031; x_wconf 87' lang='lat' dir='ltr'>peccator</span> <span class='ocrx_word' id='word_1_238' title='bbox 1120 1997 1334 2021; x_wconf 87' lang='lat' dir='ltr'>conversus</span> <span class='ocrx_word' id='word_1_239' title='bbox 1377 1985 1548 2022; x_wconf 87' lang='lat' dir='ltr'>voluerit</span> 
     </span>
     <span class='ocr_line' id='line_1_35' title="bbox 238 2039 1548 2091; baseline 0.004 -16"><span class='ocrx_word' id='word_1_240' title='bbox 238 2039 428 2086; x_wconf 87' lang='lat' dir='ltr'>penitere.</span> <span class='ocrx_word' id='word_1_241' title='bbox 482 2039 546 2076; x_wconf 85' lang='lat' dir='ltr'>Sic</span> <span class='ocrx_word' id='word_1_242' title='bbox 590 2040 711 2088; x_wconf 80' lang='lat' dir='ltr'>igitur</span> <span class='ocrx_word' id='word_1_243' title='bbox 755 2040 888 2088; x_wconf 87' lang='lat' dir='ltr'>passio</span> <span class='ocrx_word' id='word_1_244' title='bbox 922 2041 1069 2078; x_wconf 89' lang='lat' dir='ltr'>Christi</span> <span class='ocrx_word' id='word_1_245' title='bbox 1109 2042 1267 2079; x_wconf 89' lang='lat' dir='ltr'>alleviat</span> <span class='ocrx_word' id='word_1_246' title='bbox 1304 2052 1469 2091; x_wconf 85' lang='lat' dir='ltr'>peccata</span> <span class='ocrx_word' id='word_1_247' title='bbox 1509 2044 1548 2080; x_wconf 94' lang='lat' dir='ltr'>in</span> 
     </span>
     <span class='ocr_line' id='line_1_36' title="bbox 238 2096 1548 2147; baseline 0.005 -15"><span class='ocrx_word' id='word_1_248' title='bbox 238 2096 405 2143; x_wconf 87' lang='lat' dir='ltr'>inferno,</span> <span class='ocrx_word' id='word_1_249' title='bbox 451 2099 518 2134; x_wconf 90' lang='lat' dir='ltr'>sed</span> <span class='ocrx_word' id='word_1_250' title='bbox 562 2099 711 2134; x_wconf 88' lang='lat' dir='ltr'>nullam</span> <span class='ocrx_word' id='word_1_251' title='bbox 758 2107 912 2146; x_wconf 87' lang='lat' dir='ltr'>partem</span> <span class='ocrx_word' id='word_1_252' title='bbox 960 2099 1118 2136; x_wconf 88' lang='lat' dir='ltr'>illorum</span> <span class='ocrx_word' id='word_1_253' title='bbox 1167 2101 1283 2147; x_wconf 87' lang='lat' dir='ltr'>tollit,</span> <span class='ocrx_word' id='word_1_254' title='bbox 1328 2103 1396 2138; x_wconf 88' lang='lat' dir='ltr'>sed</span> <span class='ocrx_word' id='word_1_255' title='bbox 1429 2115 1548 2138; x_wconf 86' lang='lat' dir='ltr'>omne</span> 
     </span>
     <span class='ocr_line' id='line_1_37' title="bbox 238 2156 1548 2207; baseline 0.005 -17"><span class='ocrx_word' id='word_1_256' title='bbox 238 2164 448 2202; x_wconf 88' lang='lat' dir='ltr'>peccatum</span> <span class='ocrx_word' id='word_1_257' title='bbox 496 2156 751 2203; x_wconf 85' lang='lat' dir='ltr'>predestinati</span> <span class='ocrx_word' id='word_1_258' title='bbox 791 2156 905 2194; x_wconf 89' lang='lat' dir='ltr'>tollit.</span> <span class='ocrx_word' id='word_1_259' title='bbox 959 2159 1013 2193; x_wconf 85' lang='lat' dir='ltr'>Ex</span> <span class='ocrx_word' id='word_1_260' title='bbox 1047 2171 1126 2206; x_wconf 89' lang='lat' dir='ltr'>quo</span> <span class='ocrx_word' id='word_1_261' title='bbox 1158 2159 1340 2207; x_wconf 87' lang='lat' dir='ltr'>sequitur</span> <span class='ocrx_word' id='word_1_262' title='bbox 1372 2159 1548 2196; x_wconf 83' lang='lat' dir='ltr'>infinitas</span> 
     </span>
     <span class='ocr_line' id='line_1_38' title="bbox 238 2213 1547 2262; baseline 0.005 -14"><span class='ocrx_word' id='word_1_263' title='bbox 238 2213 423 2260; x_wconf 87' lang='lat' dir='ltr'>potencie</span> <span class='ocrx_word' id='word_1_264' title='bbox 449 2222 486 2249; x_wconf 94' lang='lat' dir='ltr'>et</span> <span class='ocrx_word' id='word_1_265' title='bbox 513 2213 782 2251; x_wconf 84' lang='lat' dir='ltr'>misericordie</span> <span class='ocrx_word' id='word_1_266' title='bbox 806 2214 861 2251; x_wconf 92' lang='lat' dir='ltr'>sic</span> <span class='ocrx_word' id='word_1_267' title='bbox 885 2215 1074 2262; x_wconf 85' lang='lat' dir='ltr'>tollentis,</span> <span class='ocrx_word' id='word_1_268' title='bbox 1109 2229 1197 2252; x_wconf 90' lang='lat' dir='ltr'>cum</span> <span class='ocrx_word' id='word_1_269' title='bbox 1225 2216 1387 2253; x_wconf 86' lang='lat' dir='ltr'>racione</span> <span class='ocrx_word' id='word_1_270' title='bbox 1411 2219 1547 2254; x_wconf 89' lang='lat' dir='ltr'>volun-</span> 
     </span>
     <span class='ocr_line' id='line_1_39' title="bbox 238 2270 1548 2323; baseline 0.004 -17"><span class='ocrx_word' id='word_1_271' title='bbox 238 2270 330 2306; x_wconf 88' lang='lat' dir='ltr'>tatis</span> <span class='ocrx_word' id='word_1_272' title='bbox 374 2283 556 2318; x_wconf 86' lang='lat' dir='ltr'>perverse</span> <span class='ocrx_word' id='word_1_273' title='bbox 602 2274 649 2308; x_wconf 83' lang='lat' dir='ltr'>ad</span> <span class='ocrx_word' id='word_1_274' title='bbox 703 2274 952 2320; x_wconf 85' lang='lat' dir='ltr'>peccandum</span> <span class='ocrx_word' id='word_1_275' title='bbox 1005 2282 1199 2321; x_wconf 88' lang='lat' dir='ltr'>perpetuo</span> <span class='ocrx_word' id='word_1_276' title='bbox 1252 2287 1324 2322; x_wconf 86' lang='lat' dir='ltr'>pro</span> <span class='ocrx_word' id='word_1_277' title='bbox 1370 2276 1548 2323; x_wconf 87' lang='lat' dir='ltr'>quolibet</span> 
     </span>
     <span class='ocr_line' id='line_1_40' title="bbox 238 2329 1549 2381; baseline 0.004 -17"><span class='ocrx_word' id='word_1_278' title='bbox 238 2338 403 2376; x_wconf 88' lang='lat' dir='ltr'>peccato</span> <span class='ocrx_word' id='word_1_279' title='bbox 436 2329 550 2365; x_wconf 90' lang='lat' dir='ltr'>aliter</span> <span class='ocrx_word' id='word_1_280' title='bbox 584 2337 776 2377; x_wconf 86' lang='lat' dir='ltr'>perpetuo</span> <span class='ocrx_word' id='word_1_281' title='bbox 800 2330 1023 2378; x_wconf 89' lang='lat' dir='ltr'>puniretur.</span> <span class='ocrx_word' id='word_1_282' title='bbox 1057 2333 1272 2368; x_wconf 85' lang='lat' dir='ltr'>Ostensum</span> <span class='ocrx_word' id='word_1_283' title='bbox 1305 2333 1467 2381; x_wconf 89' lang='lat' dir='ltr'>quidem</span> <span class='ocrx_word' id='word_1_284' title='bbox 1492 2342 1549 2369; x_wconf 90' lang='lat' dir='ltr'>est</span> 
     </span>
    </p>
   </div>
   <div class='ocr_carea' id='block_1_10' title="bbox 188 2386 1548 2438">
    <p class='ocr_par' dir='ltr' id='par_1_10' title="bbox 188 2386 1548 2438">
     <span class='ocr_line' id='line_1_41' title="bbox 188 2386 1548 2438; baseline 0.005 -17"><span class='ocrx_word' id='word_1_285' title='bbox 188 2412 192 2415; x_wconf 18' lang='lat' dir='ltr'>x</span> <span class='ocrx_word' id='word_1_286' title='bbox 239 2386 414 2433; x_wconf 87' lang='lat' dir='ltr'>capitulo</span> <span class='ocrx_word' id='word_1_287' title='bbox 458 2388 591 2433; x_wconf 79' lang='lat' dir='ltr'>XXIV,</span> <span class='ocrx_word' id='word_1_288' title='bbox 637 2389 745 2435; x_wconf 88' lang='lat' dir='ltr'>quod</span> <span class='ocrx_word' id='word_1_289' title='bbox 790 2389 921 2425; x_wconf 88' lang='lat' dir='ltr'>omnis</span> <span class='ocrx_word' id='word_1_290' title='bbox 971 2389 1209 2426; x_wconf 83' lang='lat' dir='ltr'>criminosus</span> <span class='ocrx_word' id='word_1_291' title='bbox 1254 2391 1335 2426; x_wconf 89' lang='lat' dir='ltr'>vult</span> <span class='ocrx_word' id='word_1_292' title='bbox 1380 2403 1548 2438; x_wconf 88' lang='lat' dir='ltr'>peccare</span> 
     </span>
    </p>
   </div>
   <div class='ocr_carea' id='block_1_11' title="bbox 235 2444 1548 2725">
    <p class='ocr_par' dir='ltr' id='par_1_11' title="bbox 235 2444 1548 2725">
     <span class='ocr_line' id='line_1_42' title="bbox 238 2444 1546 2496; baseline 0.005 -17"><span class='ocrx_word' id='word_1_293' title='bbox 238 2453 444 2492; x_wconf 89' lang='lat' dir='ltr'>perpetuo,</span> <span class='ocrx_word' id='word_1_294' title='bbox 479 2444 602 2481; x_wconf 82' lang='lat' dir='ltr'>virtus</span> <span class='ocrx_word' id='word_1_295' title='bbox 636 2445 755 2493; x_wconf 79' lang='lat' dir='ltr'>igitur</span> <span class='ocrx_word' id='word_1_296' title='bbox 788 2458 864 2494; x_wconf 86' lang='lat' dir='ltr'>que</span> <span class='ocrx_word' id='word_1_297' title='bbox 896 2446 1043 2484; x_wconf 85' lang='lat' dir='ltr'>sufficit</span> <span class='ocrx_word' id='word_1_298' title='bbox 1080 2448 1219 2484; x_wconf 89' lang='lat' dir='ltr'>tollere</span> <span class='ocrx_word' id='word_1_299' title='bbox 1252 2447 1546 2496; x_wconf 86' lang='lat' dir='ltr'>obligacionem</span> 
     </span>
     <span class='ocr_line' id='line_1_43' title="bbox 238 2503 1547 2555; baseline 0.005 -18"><span class='ocrx_word' id='word_1_300' title='bbox 238 2510 473 2549; x_wconf 86' lang='lat' dir='ltr'>perpetuam</span> <span class='ocrx_word' id='word_1_301' title='bbox 507 2512 564 2539; x_wconf 88' lang='lat' dir='ltr'>est</span> <span class='ocrx_word' id='word_1_302' title='bbox 598 2503 782 2551; x_wconf 90' lang='lat' dir='ltr'>potencie</span> <span class='ocrx_word' id='word_1_303' title='bbox 805 2503 972 2541; x_wconf 87' lang='lat' dir='ltr'>infinite.</span> <span class='ocrx_word' id='word_1_304' title='bbox 1007 2506 1118 2555; x_wconf 85' lang='lat' dir='ltr'>Item,</span> <span class='ocrx_word' id='word_1_305' title='bbox 1154 2517 1199 2542; x_wconf 92' lang='lat' dir='ltr'>eo</span> <span class='ocrx_word' id='word_1_306' title='bbox 1223 2505 1310 2554; x_wconf 90' lang='lat' dir='ltr'>ipso</span> <span class='ocrx_word' id='word_1_307' title='bbox 1335 2519 1414 2555; x_wconf 91' lang='lat' dir='ltr'>quo</span> <span class='ocrx_word' id='word_1_308' title='bbox 1438 2519 1547 2543; x_wconf 88' lang='lat' dir='ltr'>crea-</span> 
     </span>
     <span class='ocr_line' id='line_1_44' title="bbox 237 2556 1548 2612; baseline 0.005 -17"><span class='ocrx_word' id='word_1_309' title='bbox 237 2568 325 2596; x_wconf 85' lang='lat' dir='ltr'>tura</span> <span class='ocrx_word' id='word_1_310' title='bbox 353 2556 358 2612; x_wconf 84' lang='lat'>{</span> <span class='ocrx_word' id='word_1_311' title='bbox 387 2569 540 2611; x_wconf 88' lang='lat' dir='ltr'>peccat,</span> <span class='ocrx_word' id='word_1_312' title='bbox 575 2569 712 2609; x_wconf 89' lang='lat' dir='ltr'>peccat</span> <span class='ocrx_word' id='word_1_313' title='bbox 736 2561 775 2597; x_wconf 92' lang='lat' dir='ltr'>in</span> <span class='ocrx_word' id='word_1_314' title='bbox 799 2563 947 2608; x_wconf 86' lang='lat' dir='ltr'>Deum3</span> <span class='ocrx_word' id='word_1_315' title='bbox 980 2562 1100 2610; x_wconf 83' lang='lat' dir='ltr'>igitur</span> <span class='ocrx_word' id='word_1_316' title='bbox 1132 2563 1163 2600; x_wconf 89' lang='lat' dir='ltr'>si</span> <span class='ocrx_word' id='word_1_317' title='bbox 1197 2563 1341 2612; x_wconf 87' lang='lat' dir='ltr'>aliquis</span> <span class='ocrx_word' id='word_1_318' title='bbox 1381 2563 1548 2601; x_wconf 88' lang='lat' dir='ltr'>dimittit</span> 
     </span>
     <span class='ocr_line' id='line_1_45' title="bbox 236 2618 1545 2668; baseline 0.004 -15"><span class='ocrx_word' id='word_1_319' title='bbox 236 2626 461 2664; x_wconf 84' lang='lat' dir='ltr'>peccatum,</span> <span class='ocrx_word' id='word_1_320' title='bbox 485 2618 722 2666; x_wconf 87' lang='lat' dir='ltr'>simpliciter</span> <span class='ocrx_word' id='word_1_321' title='bbox 746 2627 905 2666; x_wconf 88' lang='lat' dir='ltr'>oportet</span> <span class='ocrx_word' id='word_1_322' title='bbox 927 2621 1035 2668; x_wconf 91' lang='lat' dir='ltr'>quod</span> <span class='ocrx_word' id='word_1_323' title='bbox 1058 2621 1232 2657; x_wconf 83' lang='lat' dir='ltr'>remittat</span> <span class='ocrx_word' id='word_1_324' title='bbox 1256 2621 1446 2658; x_wconf 85' lang='lat' dir='ltr'>offensam</span> <span class='ocrx_word' id='word_1_325' title='bbox 1461 2624 1545 2665; x_wconf 75' lang='lat' dir='ltr'>Dei,</span> 
     </span>
     <span class='ocr_line' id='line_1_46' title="bbox 235 2676 1547 2725; baseline 0.004 -14"><span class='ocrx_word' id='word_1_326' title='bbox 235 2676 303 2710; x_wconf 84' lang='lat' dir='ltr'>sed</span> <span class='ocrx_word' id='word_1_327' title='bbox 336 2676 412 2712; x_wconf 91' lang='lat' dir='ltr'>hoc</span> <span class='ocrx_word' id='word_1_328' title='bbox 445 2676 551 2713; x_wconf 88' lang='lat' dir='ltr'>solus</span> <span class='ocrx_word' id='word_1_329' title='bbox 576 2678 680 2713; x_wconf 90' lang='lat' dir='ltr'>Deus</span> <span class='ocrx_word' id='word_1_330' title='bbox 703 2685 853 2725; x_wconf 82' lang='lat' dir='ltr'>potest3</span> <span class='ocrx_word' id='word_1_331' title='bbox 887 2690 967 2714; x_wconf 90' lang='lat' dir='ltr'>non</span> <span class='ocrx_word' id='word_1_332' title='bbox 1001 2687 1057 2714; x_wconf 87' lang='lat' dir='ltr'>est</span> <span class='ocrx_word' id='word_1_333' title='bbox 1090 2679 1194 2715; x_wconf 90' lang='lat' dir='ltr'>enim</span> <span class='ocrx_word' id='word_1_334' title='bbox 1220 2679 1319 2716; x_wconf 87' lang='lat' dir='ltr'>servi</span> <span class='ocrx_word' id='word_1_335' title='bbox 1344 2680 1547 2717; x_wconf 88' lang='lat' dir='ltr'>remittere</span> 
     </span>
    </p>
   </div>
   <div class='ocr_carea' id='block_1_12' title="bbox 306 2808 1453 2849">
    <p class='ocr_par' dir='ltr' id='par_1_12' title="bbox 306 2808 1453 2849">
     <span class='ocr_line' id='line_1_47' title="bbox 306 2808 1453 2849; baseline 0.004 -14"><span class='ocrx_word' id='word_1_336' title='bbox 306 2816 330 2841; x_wconf 80' lang='lat'>7.</span> <span class='ocrx_word' id='word_1_337' title='bbox 353 2808 419 2836; x_wconf 89' lang='lat' dir='ltr'>Cod</span> <span class='ocrx_word' id='word_1_338' title='bbox 442 2819 447 2836; x_wconf 91' lang='lat'>:</span> <span class='ocrx_word' id='word_1_339' title='bbox 469 2817 529 2838; x_wconf 77' lang='lat' dir='ltr'>non</span> <span class='ocrx_word' id='word_1_340' title='bbox 550 2810 644 2838; x_wconf 67' lang='lat' dir='ltr'>deest.</span> <span class='ocrx_word' id='word_1_341' title='bbox 718 2818 743 2839; x_wconf 89' lang='lat'>21</span> <span class='ocrx_word' id='word_1_342' title='bbox 779 2810 873 2839; x_wconf 86' lang='lat' dir='ltr'>Cod.:</span> <span class='ocrx_word' id='word_1_343' title='bbox 894 2812 1063 2848; x_wconf 75' lang='lat' dir='ltr'>culpabilis.</span> <span class='ocrx_word' id='word_1_344' title='bbox 1137 2821 1186 2845; x_wconf 66' lang='lat'>40.</span> <span class='ocrx_word' id='word_1_345' title='bbox 1209 2813 1303 2841; x_wconf 81' lang='lat' dir='ltr'>Cod,:</span> <span class='ocrx_word' id='word_1_346' title='bbox 1325 2813 1453 2849; x_wconf 54' lang='lat' dir='ltr'>aliquid,</span> 
     </span>
    </p>
   </div>
   <div class='ocr_carea' id='block_1_13' title="bbox 1763 194 1840 232">
    <p class='ocr_par' dir='ltr' id='par_1_13' title="bbox 1763 194 1840 232">
     <span class='ocr_line' id='line_1_48' title="bbox 1763 194 1840 232; baseline -0.013 -1"><span class='ocrx_word' id='word_1_347' title='bbox 1763 194 1840 232; x_wconf 79' lang='lat'>605</span> 
     </span>
    </p>
   </div>
   <div class='ocr_carea' id='block_1_14' title="bbox 1575 662 1834 802">
    <p class='ocr_par' dir='ltr' id='par_1_14' title="bbox 1575 662 1834 802">
     <span class='ocr_line' id='line_1_49' title="bbox 1581 662 1830 691; baseline 0.004 -2"><span class='ocrx_word' id='word_1_348' title='bbox 1581 662 1646 689; x_wconf 84' lang='lat' dir='ltr'>Our</span> <span class='ocrx_word' id='word_1_349' title='bbox 1669 663 1726 689; x_wconf 73' lang='lat' dir='ltr'>will</span> <span class='ocrx_word' id='word_1_350' title='bbox 1751 669 1830 691; x_wconf 82' lang='lat' dir='ltr'>must</span> 
     </span>
     <span class='ocr_line' id='line_1_50' title="bbox 1575 700 1830 731; baseline 0.008 -8"><span class='ocrx_word' id='word_1_351' title='bbox 1575 703 1737 731; x_wconf 73' lang='lat' dir='ltr'>cooperate</span> <span class='ocrx_word' id='word_1_352' title='bbox 1760 700 1830 725; x_wconf 75' lang='lat' dir='ltr'>with</span> 
     </span>
     <span class='ocr_line' id='line_1_51' title="bbox 1586 733 1824 760; baseline 0.008 -2"><span class='ocrx_word' id='word_1_353' title='bbox 1586 733 1717 759; x_wconf 55' lang='lat' dir='ltr'>Chi-1⁵11&lt;</span> <span class='ocrx_word' id='word_1_354' title='bbox 1741 735 1824 760; x_wconf 73' lang='lat' dir='ltr'>work</span> 
     </span>
     <span class='ocr_line' id='line_1_52' title="bbox 1577 768 1834 802; baseline 0.008 -9"><span class='ocrx_word' id='word_1_355' title='bbox 1577 768 1610 794; x_wconf 76' lang='lat' dir='ltr'>os</span> <span class='ocrx_word' id='word_1_356' title='bbox 1628 768 1834 802; x_wconf 67' lang='lat' dir='ltr'>redemptioni.</span> 
     </span>
    </p>
   </div>
   <div class='ocr_carea' id='block_1_15' title="bbox 1582 1876 1822 1980">
    <p class='ocr_par' dir='ltr' id='par_1_15' title="bbox 1582 1876 1822 1980">
     <span class='ocr_line' id='line_1_53' title="bbox 1601 1876 1804 1904; baseline 0 0"><span class='ocrx_word' id='word_1_357' title='bbox 1601 1876 1668 1904; x_wconf 81' lang='lat' dir='ltr'>God</span> <span class='ocrx_word' id='word_1_358' title='bbox 1694 1882 1804 1904; x_wconf 70' lang='lat' dir='ltr'>cannot</span> 
     </span>
     <span class='ocr_line' id='line_1_54' title="bbox 1582 1912 1822 1946; baseline 0.004 -8"><span class='ocrx_word' id='word_1_359' title='bbox 1582 1912 1699 1946; x_wconf 72' lang='lat' dir='ltr'>forgive</span> <span class='ocrx_word' id='word_1_360' title='bbox 1720 1913 1822 1939; x_wconf 72' lang='lat' dir='ltr'>unless</span> 
     </span>
     <span class='ocr_line' id='line_1_55' title="bbox 1610 1952 1792 1980; baseline 0.011 -8"><span class='ocrx_word' id='word_1_361' title='bbox 1610 1955 1654 1973; x_wconf 83' lang='lat' dir='ltr'>we</span> <span class='ocrx_word' id='word_1_362' title='bbox 1677 1952 1792 1980; x_wconf 76' lang='lat' dir='ltr'>repent.</span> 
     </span>
    </p>
   </div>
  </div>
 </body>
</html>
