2050 3292
219 220 299 269 516
933 227 990 258 DE
1020 226 1156 258 CIVILI
1182 226 1392 258 D0M1N1o.
1569 213 1681 267 [CAP.
1701 222 1811 250 xxiv.

264 341 446 381 objections
563 336 675 380 Item,
707 332 814 369 iuxta
846 341 1042 381 ponentes
1074 345 1175 381 opus
1207 331 1445 380 nepharium
1487 344 1570 368 esse
1603 340 1811 380 peccatum

260 378 444 405 ⁶⁰¹¹T¹¹¹¹¹ed²
504 392 564 428 vel
597 399 804 439 peccatum
839 392 946 439 quod
985 399 1042 427 est
1075 392 1122 427 de
1155 391 1259 427 facto
1292 389 1532 427 individuari
1565 402 1587 426 a
1618 398 1812 438 tempore,

506 449 760 486 manifestum
809 448 966 485 videtur
1005 450 1113 496 quod
1147 447 1258 484 multi
1293 447 1454 496 presciti
1488 449 1814 496 dampnabuntur

506 520 578 556 pro
625 506 759 543 multis
792 506 964 555 peccatis
998 519 1069 555 pro
1103 506 1246 555 quibus
1275 502 1278 559 Ι
1307 519 1513 554 nunquam
1549 505 1813 554 penituerant,
1854 508 1935 553 209d

507 578 583 614 que
617 573 751 601 tamen
783 578 863 600 non
897 566 1100 601 durabunt
1133 564 1172 600 in
1219 564 1271 600 eis
1306 576 1428 611 usque
1464 565 1514 600 ad
1546 571 1730 609 mortem,
1767 570 1847 600 605

506 624 614 672 quod
648 622 686 658 in
720 622 891 670 prescito
925 622 1213 658 continuantur
1245 633 1367 669 opera
1400 620 1481 658 eius
1506 621 1712 669 nepharia‚
1746 622 1815 658 sed

507 694 578 729 pro
612 679 790 728 quolibet
835 679 999 716 instanti
1044 679 1239 728 temporis
1285 678 1442 716 habitus
1482 679 1635 727 peccati
1670 678 1815 716 desinit

507 751 628 775 unum
669 746 877 786 peccatum
920 737 1208 774 individuatum
1249 750 1270 773 a
1308 745 1489 785 tempore
1522 736 1562 773 in
1594 736 1813 774 desinente.

565 798 675 845 Item,
710 804 785 832 stat
819 804 1026 843 peccatum
1050 795 1203 831 veniale
1228 807 1388 831 manere
1411 806 1536 843 usque
1570 796 1619 831 ad
1644 803 1813 832 mortem

506 854 588 890 sine
622 853 916 901 dampnacione
960 862 1163 901 sequente,
1208 861 1251 889 ut
1294 861 1403 900 patet
1434 852 1474 888 in
1506 852 1690 889 omnibus
1723 866 1815 901 pur-
1837 868 1873 888 10

507 911 659 960 gaudis,
707 924 800 959 ergo
845 924 925 947 non
958 923 1076 948 omne
1109 919 1318 959 peccatum
1353 910 1630 947 continuatum
1665 910 1817 948 scilicet

506 981 632 1018 usque
676 969 725 1006 ad
772 977 940 1006 mortem
988 977 1044 1006 est
1077 977 1286 1018 peccatum
1323 968 1364 1004 in
1397 967 1589 1017 Spiritum
1624 970 1813 1005 Sanctum

508 1026 792 1066 irremissibile.

220 1080 491 1151 Vgglsslcffsisstfflday
566 1087 676 1131 Item,
710 1084 817 1121 iuxta
840 1086 943 1121 hanc
966 1084 1071 1121 viam
1105 1084 1257 1121 nullum
1291 1084 1486 1132 originale
1519 1084 1690 1120 deletum
1726 1084 1815 1130 fide,

250 1151 280 1178 in
302 1151 345 1190 tijl
367 1151 457 1178 death
509 1142 814 1179 circumcisione
830 1142 890 1179 vel
915 1143 1114 1191 baptismo
1138 1143 1238 1179 foret
1256 1142 1435 1188 mortale,
1461 1143 1568 1190 quod
1586 1151 1642 1178 est
1658 1142 1816 1186 falsum,
1839 1146 1872 1177 ι’»

262 1185 452 1248 ἀζᾚξᾟῗὲῃ,
510 1214 599 1238 cum
633 1213 703 1249 per
736 1200 833 1237 illud
868 1213 974 1237 mors
1008 1209 1044 1237 et
1078 1200 1319 1248 dampnacio
1353 1199 1552 1236 intrarunt
1584 1199 1623 1236 in
1657 1201 1816 1246 orbem3

509 1268 674 1307 peccata
709 1259 814 1294 enim
848 1271 924 1307 que
959 1259 1104 1295 tollunt
1151 1258 1272 1294 vitam
1314 1258 1446 1295 anime
1487 1257 1676 1294 dicuntur
1711 1270 1817 1294 mor-

509 1316 602 1353 talia
642 1325 678 1353 et
717 1316 850 1353 letalia
890 1318 1109 1353 secundum
1144 1316 1409 1364 Augustinum
1444 1328 1563 1364 super
1595 1316 1816 1353 Johannem

509 1374 666 1411 Omelia
710 1376 793 1413 XII.
840 1367 1055 1411 Venialitas
1100 1383 1231 1410 autem
1283 1374 1436 1422 peccati
1482 1373 1732 1411 contrahitur
1776 1386 1819 1410 ex

510 1434 631 1469 modo
664 1432 855 1480 loquendi
877 1432 1074 1480 scripture
1098 1434 1194 1470 Gen.
1219 1433 1280 1478 IV,
1310 1444 1377 1481 13:
1411 1432 1544 1467 Blaior
1565 1439 1621 1468 est
1642 1432 1819 1481 iniquitas
1837 1444 1876 1465 20

510 1503 592 1526 mea
624 1503 736 1539 quam
770 1499 810 1526 ut
842 1491 988 1526 veniam
1023 1502 1256 1538 consequen-‚-
1299 1489 1405 1526 iuxta
1449 1502 1568 1538 quam
1602 1490 1818 1538 Apostolus

510 1547 686 1596 loquitur
719 1550 745 1585 Ι.
786 1550 877 1585 Cor.
912 1549 993 1594 Vll,
1028 1561 1049 1597 3
1104 1549 1209 1596 quod
1254 1549 1470 1584 secundum
1518 1546 1817 1596 indulgenciam

511 1605 662 1643 excedit
686 1606 769 1641 viro
786 1606 952 1642 reddere
975 1606 1139 1642 debitum
1157 1605 1277 1642 uxori
1296 1618 1369 1653 pro
1393 1606 1616 1642 excusanda
1638 1604 1816 1651 libidine,

509 1673 549 1699 ut
595 1663 777 1700 meminit
808 1663 1055 1711 Augustinus
1090 1663 1349 1700 Enchiridion
1384 1664 1479 1708 LXI,
1525 1662 1592 1699 ubi
1637 1663 1744 1712 capit
1776 1675 1819 1700 6)(

509 1730 617 1758 textu
650 1721 821 1770 apostoli
852 1721 1008 1758 veniam
1042 1735 1113 1770 pro
1147 1721 1402 1769 indulgencia
1440 1721 1684 1769 distinguens
1717 1721 1820 1758 inter
1837 1724 1874 1756 25

510 1791 654 1827 genera
688 1788 960 1827 peccatorum.

223 1822 487 1884 thffggffiafagfid
567 1836 643 1873 Alii
687 1846 820 1874 autem
864 1846 972 1874 sexto
1018 1836 1156 1873 dicunt
1204 1838 1311 1885 quod
1355 1837 1506 1874 veniale
1560 1847 1596 1874 et
1650 1838 1818 1874 mortale

269 1891 380 1953 mdffffgl,
400 1890 446 1953 5⁵¹³,ss
510 1895 699 1931 differunt
732 1895 771 1931 in
804 1894 997 1944 subiecto,
1044 1908 1132 1931 cum
1179 1908 1298 1932 omne
1331 1895 1484 1932 veniale
1522 1895 1572 1932 sit
1603 1894 1818 1932 subiective

269 1961 441 1988 substance.
510 1953 550 1989 in
583 1965 714 2001 sensu,
745 1965 864 1989 omne
898 1962 1030 1989 autem
1068 1954 1235 1989 mortale
1267 1953 1308 1989 in
1341 1952 1500 1990 racione
1535 1962 1570 1990 et
1593 1954 1816 1994 voluntate:

511 2012 618 2058 quod
651 2010 807 2047 videtur
839 2023 882 2047 ex
915 2012 990 2048 hoc
1036 2011 1176 2048 falsum
1211 2013 1318 2059 quod
1352 2020 1562 2059 peccatum
1596 2011 1791 2059 originale
1836 2015 1876 2047 30

511 2069 618 2116 quod
664 2077 722 2105 est
766 2068 943 2116 privacio
988 2068 1143 2105 iusticie
1189 2077 1245 2105 est
1289 2068 1328 2105 in
1379 2070 1519 2105 eadem
1559 2068 1746 2117 potencia
1779 2069 1818 2106 in
1858 2076 1940 2104 210⁸

511 2139 590 2174 qua
635 2135 728 2163 nata
767 2135 824 2163 est
862 2126 989 2164 inesse
1032 2126 1202 2173 iusticia,
1248 2136 1285 2164 et
1323 2136 1458 2164 tamen
1500 2139 1572 2164 nec
1606 2126 1714 2165 racio
1747 2139 1818 2164 nec

510 2185 693 2221 voluntas
726 2184 856 2233 ipsum
890 2183 1146 2233 principiam.

568 2244 680 2287 Item,
713 2242 889 2279 defectus
924 2242 1182 2280 observancie
1215 2242 1474 2280 consiliorum
1510 2242 1656 2280 Christi
1691 2251 1749 2280 est
1779 2242 1819 2280 in

511 2299 698 2347 potencia
741 2300 984 2337 intellectiva
1029 2309 1065 2337 et
1108 2313 1189 2337 non
1233 2300 1434 2338 sensitiva,
1487 2300 1645 2337 Scimus
1683 2309 1818 2338 tamen
1835 2304 1874 2338 35

511 2359 619 2405 quod
658 2357 821 2406 aliquod
862 2366 1070 2406 peccatum
1107 2367 1245 2396 contra
1277 2358 1374 2396 talia
1414 2358 1582 2395 consilia
1614 2358 1653 2395 in
1687 2358 1818 2407 inper-

512 2416 615 2452 fecto
646 2428 727 2452 non
760 2425 817 2452 est
851 2417 1035 2453 mortale.

568 2475 678 2519 Item⁷
714 2473 828 2510 multi
861 2483 1028 2522 peccant
1060 2474 1281 2521 venialiter,
1321 2475 1542 2512 omittendo
1580 2474 1676 2510 illud
1711 2476 1818 2523 quod

511 2531 620 2568 racio
664 2540 701 2567 et
735 2532 915 2569 voluntas
959 2533 1135 2569 facerent
1179 2534 1250 2569 sub
1294 2544 1395 2581 pena
1441 2532 1643 2581 augmenti
1676 2531 1818 2571 meriti.

512 2591 587 2625 Ista
631 2598 764 2626 autem
810 2598 976 2637 peccata
1019 2599 1111 2627 sunt
1144 2590 1361 2628 subiective
1393 2590 1433 2627 in
1465 2598 1578 2639 parte
1610 2589 1877 2636 racionali,40

511 2646 611 2683 sicut
644 2656 681 2682 et
714 2647 804 2683 talis
836 2646 1013 2684 omissio.

586 2830 634 2860 18.
661 2831 753 2872 Opp.
779 2836 860 2862 tom.
891 2830 940 2870 ΙΙΙ,
970 2840 999 2870 2,
1028 2831 1103 2864 383.
1201 2841 1251 2871 24·
1282 2831 1303 2862 Ι.
1331 2841 1357 2862 c.
