<?xml version="1.0" encoding="UTF-8"?>
<!DOCTYPE html PUBLIC "-//W3C//DTD XHTML 1.0 Transitional//EN"
    "http://www.w3.org/TR/xhtml1/DTD/xhtml1-transitional.dtd">
<html xmlns="http://www.w3.org/1999/xhtml" xml:lang="en" lang="en">
 <head>
  <title>
</title>
<meta http-equiv="Content-Type" content="text/html;charset=utf-8" />
  <meta name='ocr-system' content='tesseract 3.04.00' />
  <meta name='ocr-capabilities' content='ocr_page ocr_carea ocr_par ocr_line ocrx_word'/>
</head>
<body>
  <div class='ocr_page' id='page_1' title='image "./decivilidominio04wycl_0130.png"; bbox 0 0 2050 3292; ppageno 0'>
   <div class='ocr_carea' id='block_1_1' title="bbox 212 238 296 286">
    <p class='ocr_par' dir='ltr' id='par_1_1' title="bbox 212 238 296 286">
     <span class='ocr_line' id='line_1_1' title="bbox 212 238 296 286; baseline 0 -11"><span class='ocrx_word' id='word_1_1' title='bbox 212 238 296 286; x_wconf 82' lang='lat'>480</span> 
     </span>
    </p>
   </div>
   <div class='ocr_carea' id='block_1_2' title="bbox 224 877 477 1080">
    <p class='ocr_par' dir='ltr' id='par_1_2' title="bbox 224 877 477 1080">
     <span class='ocr_line' id='line_1_2' title="bbox 292 877 399 906; baseline -0.009 0"><span class='ocrx_word' id='word_1_2' title='bbox 292 877 399 906; x_wconf 79' lang='lat' dir='ltr'>Bede&#39;s</span> 
     </span>
     <span class='ocr_line' id='line_1_3' title="bbox 244 913 459 949; baseline -0.005 -8"><span class='ocrx_word' id='word_1_3' title='bbox 244 915 401 949; x_wconf 76' lang='lat' dir='ltr'>exainple3</span> <span class='ocrx_word' id='word_1_4' title='bbox 423 913 459 940; x_wconf 88' lang='lat' dir='ltr'>he</span> 
     </span>
     <span class='ocr_line' id='line_1_4' title="bbox 224 949 477 1021; baseline -0.004 -10"><span class='ocrx_word' id='word_1_5' title='bbox 224 949 477 1021; x_wconf 51' lang='lat' dir='ltr'>pfftstffissssssssf„</span> 
     </span>
     <span class='ocr_line' id='line_1_5' title="bbox 249 1019 455 1054; baseline -0.005 -9"><span class='ocrx_word' id='word_1_6' title='bbox 249 1019 299 1045; x_wconf 80' lang='lat' dir='ltr'>the</span> <span class='ocrx_word' id='word_1_7' title='bbox 320 1019 404 1054; x_wconf 78' lang='lat' dir='ltr'>place</span> <span class='ocrx_word' id='word_1_8' title='bbox 424 1019 455 1045; x_wconf 85' lang='lat' dir='ltr'>ot</span> 
     </span>
     <span class='ocr_line' id='line_1_6' title="bbox 294 1054 403 1080; baseline -0.009 0"><span class='ocrx_word' id='word_1_9' title='bbox 294 1054 403 1080; x_wconf 85' lang='lat' dir='ltr'>abbots</span> 
     </span>
    </p>
   </div>
   <div class='ocr_carea' id='block_1_3' title="bbox 286 2499 449 2561">
    <p class='ocr_par' dir='ltr' id='par_1_3' title="bbox 286 2499 449 2561">
     <span class='ocr_line' id='line_1_7' title="bbox 307 2499 423 2526; baseline -0.009 0"><span class='ocrx_word' id='word_1_10' title='bbox 307 2499 366 2526; x_wconf 86' lang='lat' dir='ltr'>and</span> <span class='ocrx_word' id='word_1_11' title='bbox 390 2506 423 2525; x_wconf 88' lang='lat' dir='ltr'>so</span> 
     </span>
     <span class='ocr_line' id='line_1_8' title="bbox 286 2534 449 2561; baseline -0.006 -1"><span class='ocrx_word' id='word_1_12' title='bbox 286 2534 449 2561; x_wconf 79' lang='lat' dir='ltr'>withdraw</span> 
     </span>
    </p>
   </div>
   <div class='ocr_carea' id='block_1_4' title="bbox 927 223 1812 280">
    <p class='ocr_par' dir='ltr' id='par_1_4' title="bbox 927 223 1812 280">
     <span class='ocr_line' id='line_1_9' title="bbox 927 223 1812 280; baseline -0.011 -8"><span class='ocrx_word' id='word_1_13' title='bbox 927 240 985 272; x_wconf 82' lang='lat' dir='ltr'>DE</span> <span class='ocrx_word' id='word_1_14' title='bbox 1013 238 1147 271; x_wconf 66' lang='lat' dir='ltr'>C1V1t1</span> <span class='ocrx_word' id='word_1_15' title='bbox 1178 236 1388 270; x_wconf 81' lang='lat' dir='ltr'>DOMINio.</span> <span class='ocrx_word' id='word_1_16' title='bbox 1592 223 1697 280; x_wconf 73' lang='lat' dir='ltr'>[CAP.</span> <span class='ocrx_word' id='word_1_17' title='bbox 1718 232 1812 260; x_wconf 81' lang='lat' dir='ltr'>xxn.</span> 
     </span>
    </p>
   </div>
   <div class='ocr_carea' id='block_1_5' title="bbox 500 342 1948 2597">
    <p class='ocr_par' dir='ltr' id='par_1_5' title="bbox 500 342 1848 849">
     <span class='ocr_line' id='line_1_10' title="bbox 500 342 1812 396; baseline -0.005 -11"><span class='ocrx_word' id='word_1_18' title='bbox 500 357 546 386; x_wconf 86' lang='lat' dir='ltr'>ut</span> <span class='ocrx_word' id='word_1_19' title='bbox 587 347 805 396; x_wconf 81' lang='lat' dir='ltr'>plurimum</span> <span class='ocrx_word' id='word_1_20' title='bbox 850 354 942 382; x_wconf 89' lang='lat' dir='ltr'>sunt</span> <span class='ocrx_word' id='word_1_21' title='bbox 986 345 1112 391; x_wconf 84' lang='lat' dir='ltr'>abusi,</span> <span class='ocrx_word' id='word_1_22' title='bbox 1158 343 1321 392; x_wconf 90' lang='lat' dir='ltr'>quando</span> <span class='ocrx_word' id='word_1_23' title='bbox 1367 342 1474 379; x_wconf 91' lang='lat' dir='ltr'>enim</span> <span class='ocrx_word' id='word_1_24' title='bbox 1518 350 1609 390; x_wconf 92' lang='lat' dir='ltr'>post</span> <span class='ocrx_word' id='word_1_25' title='bbox 1643 350 1812 378; x_wconf 85' lang='lat' dir='ltr'>mortem</span> 
     </span>
     <span class='ocr_line' id='line_1_11' title="bbox 502 399 1813 451; baseline -0.006 -8"><span class='ocrx_word' id='word_1_26' title='bbox 502 405 673 444; x_wconf 81' lang='lat' dir='ltr'>cessabit</span> <span class='ocrx_word' id='word_1_27' title='bbox 721 403 887 441; x_wconf 85' lang='lat' dir='ltr'>civilitas</span> <span class='ocrx_word' id='word_1_28' title='bbox 939 411 978 440; x_wconf 88' lang='lat' dir='ltr'>et</span> <span class='ocrx_word' id='word_1_29' title='bbox 1028 414 1225 451; x_wconf 82' lang='lat' dir='ltr'>pauperes</span> <span class='ocrx_word' id='word_1_30' title='bbox 1274 399 1536 449; x_wconf 83' lang='lat' dir='ltr'>predestinati</span> <span class='ocrx_word' id='word_1_31' title='bbox 1582 412 1625 436; x_wconf 90' lang='lat' dir='ltr'>ex</span> <span class='ocrx_word' id='word_1_32' title='bbox 1670 399 1813 436; x_wconf 89' lang='lat' dir='ltr'>maiori</span> 
     </span>
     <span class='ocr_line' id='line_1_12' title="bbox 501 457 1815 513; baseline -0.007 -12"><span class='ocrx_word' id='word_1_33' title='bbox 501 464 634 513; x_wconf 85' lang='lat' dir='ltr'>gracia</span> <span class='ocrx_word' id='word_1_34' title='bbox 667 464 871 500; x_wconf 90' lang='lat' dir='ltr'>habebunt</span> <span class='ocrx_word' id='word_1_35' title='bbox 884 460 1014 498; x_wconf 90' lang='lat' dir='ltr'>verius</span> <span class='ocrx_word' id='word_1_36' title='bbox 1039 459 1264 497; x_wconf 88' lang='lat' dir='ltr'>dominium</span> <span class='ocrx_word' id='word_1_37' title='bbox 1290 460 1486 495; x_wconf 89' lang='lat' dir='ltr'>bonorum</span> <span class='ocrx_word' id='word_1_38' title='bbox 1510 457 1688 507; x_wconf 74' lang='lat' dir='ltr'>Domini,</span> <span class='ocrx_word' id='word_1_39' title='bbox 1711 457 1815 494; x_wconf 89' lang='lat' dir='ltr'>sicut</span> 
     </span>
     <span class='ocr_line' id='line_1_13' title="bbox 501 515 1813 565; baseline -0.006 -7"><span class='ocrx_word' id='word_1_40' title='bbox 501 532 537 559; x_wconf 82' lang='lat' dir='ltr'>et</span> <span class='ocrx_word' id='word_1_41' title='bbox 570 522 610 558; x_wconf 89' lang='lat' dir='ltr'>in</span> <span class='ocrx_word' id='word_1_42' title='bbox 642 521 705 558; x_wconf 90' lang='lat' dir='ltr'>via</span> <span class='ocrx_word' id='word_1_43' title='bbox 737 521 960 557; x_wconf 85' lang='lat' dir='ltr'>habuerant</span> <span class='ocrx_word' id='word_1_44' title='bbox 992 531 1037 555; x_wconf 85' lang='lat' dir='ltr'>ac</span> <span class='ocrx_word' id='word_1_45' title='bbox 1070 531 1186 555; x_wconf 90' lang='lat' dir='ltr'>usum</span> <span class='ocrx_word' id='word_1_46' title='bbox 1221 530 1358 557; x_wconf 90' lang='lat' dir='ltr'>eorum</span> <span class='ocrx_word' id='word_1_47' title='bbox 1390 517 1477 565; x_wconf 89' lang='lat' dir='ltr'>plus</span> <span class='ocrx_word' id='word_1_48' title='bbox 1502 518 1584 552; x_wconf 92' lang='lat' dir='ltr'>Deo</span> <span class='ocrx_word' id='word_1_49' title='bbox 1609 515 1813 563; x_wconf 87' lang='lat' dir='ltr'>placidum</span> 
     </span>
     <span class='ocr_line' id='line_1_14' title="bbox 502 572 1848 629; baseline -0.006 -13"><span class='ocrx_word' id='word_1_50' title='bbox 502 593 622 629; x_wconf 88' lang='lat' dir='ltr'>quam</span> <span class='ocrx_word' id='word_1_51' title='bbox 657 578 919 627; x_wconf 84' lang='lat' dir='ltr'>predestinati</span> <span class='ocrx_word' id='word_1_52' title='bbox 953 576 1092 613; x_wconf 88' lang='lat' dir='ltr'>divites</span> <span class='ocrx_word' id='word_1_53' title='bbox 1131 584 1390 623; x_wconf 83' lang='lat' dir='ltr'>occupantes,</span> <span class='ocrx_word' id='word_1_54' title='bbox 1444 574 1660 619; x_wconf 83' lang='lat' dir='ltr'>Quomodo</span> <span class='ocrx_word' id='word_1_55' title='bbox 1693 572 1848 620; x_wconf 84' lang='lat' dir='ltr'>igitur5</span> 
     </span>
     <span class='ocr_line' id='line_1_15' title="bbox 501 631 1815 682; baseline -0.006 -8"><span class='ocrx_word' id='word_1_56' title='bbox 501 646 622 674; x_wconf 89' lang='lat' dir='ltr'>staret</span> <span class='ocrx_word' id='word_1_57' title='bbox 668 650 757 673; x_wconf 92' lang='lat' dir='ltr'>cum</span> <span class='ocrx_word' id='word_1_58' title='bbox 803 635 961 672; x_wconf 89' lang='lat' dir='ltr'>iusticia</span> <span class='ocrx_word' id='word_1_59' title='bbox 993 633 1156 671; x_wconf 85' lang='lat' dir='ltr'>Domini</span> <span class='ocrx_word' id='word_1_60' title='bbox 1204 634 1312 682; x_wconf 92' lang='lat' dir='ltr'>quod-</span> <span class='ocrx_word' id='word_1_61' title='bbox 1345 631 1557 668; x_wconf 86' lang='lat' dir='ltr'>distribuat</span> <span class='ocrx_word' id='word_1_62' title='bbox 1595 631 1815 668; x_wconf 86' lang='lat' dir='ltr'>carioribus</span> 
     </span>
     <span class='ocr_line' id='line_1_16' title="bbox 501 688 1815 738; baseline -0.007 -5"><span class='ocrx_word' id='word_1_63' title='bbox 501 695 622 734; x_wconf 86' lang='lat' dir='ltr'>servis</span> <span class='ocrx_word' id='word_1_64' title='bbox 666 695 746 731; x_wconf 88' lang='lat' dir='ltr'>suis</span> <span class='ocrx_word' id='word_1_65' title='bbox 778 693 908 731; x_wconf 88' lang='lat' dir='ltr'>verius</span> <span class='ocrx_word' id='word_1_66' title='bbox 942 691 1244 729; x_wconf 86' lang='lat' dir='ltr'>dominantibus</span> <span class='ocrx_word' id='word_1_67' title='bbox 1289 699 1326 727; x_wconf 88' lang='lat' dir='ltr'>et</span> <span class='ocrx_word' id='word_1_68' title='bbox 1358 689 1580 738; x_wconf 84' lang='lat' dir='ltr'>regularius</span> <span class='ocrx_word' id='word_1_69' title='bbox 1613 688 1815 726; x_wconf 87' lang='lat' dir='ltr'>utentibus</span> 
     </span>
     <span class='ocr_line' id='line_1_17' title="bbox 502 747 1816 796; baseline -0.005 -6"><span class='ocrx_word' id='word_1_70' title='bbox 502 753 706 790; x_wconf 86' lang='lat' dir='ltr'>exiliorem</span> <span class='ocrx_word' id='word_1_71' title='bbox 745 765 861 789; x_wconf 90' lang='lat' dir='ltr'>usum</span> <span class='ocrx_word' id='word_1_72' title='bbox 903 763 1066 788; x_wconf 90' lang='lat' dir='ltr'>suorum</span> <span class='ocrx_word' id='word_1_73' title='bbox 1101 751 1317 794; x_wconf 64' lang='lat' dir='ltr'>bonorum,</span> <span class='ocrx_word' id='word_1_74' title='bbox 1354 748 1498 796; x_wconf 81' lang='lat' dir='ltr'>quibus</span> <span class='ocrx_word' id='word_1_75' title='bbox 1531 747 1604 783; x_wconf 88' lang='lat' dir='ltr'>sibi</span> <span class='ocrx_word' id='word_1_76' title='bbox 1638 747 1699 783; x_wconf 90' lang='lat' dir='ltr'>usi</span> <span class='ocrx_word' id='word_1_77' title='bbox 1732 747 1816 794; x_wconf 83' lang='lat' dir='ltr'>pla—</span> 
     </span>
     <span class='ocr_line' id='line_1_18' title="bbox 501 809 873 849; baseline -0.008 0"><span class='ocrx_word' id='word_1_78' title='bbox 501 811 660 849; x_wconf 88' lang='lat' dir='ltr'>cencius</span> <span class='ocrx_word' id='word_1_79' title='bbox 691 809 873 847; x_wconf 80' lang='lat' dir='ltr'>fuerant?</span> 
     </span>
    </p>

    <p class='ocr_par' dir='ltr' id='par_1_6' title="bbox 503 862 1948 2483">
     <span class='ocr_line' id='line_1_19' title="bbox 562 862 1886 914; baseline -0.007 -8"><span class='ocrx_word' id='word_1_80' title='bbox 562 872 618 905; x_wconf 91' lang='lat' dir='ltr'>De</span> <span class='ocrx_word' id='word_1_81' title='bbox 653 868 843 905; x_wconf 82' lang='lat' dir='ltr'>oracione</span> <span class='ocrx_word' id='word_1_82' title='bbox 882 867 1032 904; x_wconf 88' lang='lat' dir='ltr'>dictum</span> <span class='ocrx_word' id='word_1_83' title='bbox 1074 874 1130 902; x_wconf 88' lang='lat' dir='ltr'>est</span> <span class='ocrx_word' id='word_1_84' title='bbox 1167 865 1299 914; x_wconf 90' lang='lat' dir='ltr'>primo</span> <span class='ocrx_word' id='word_1_85' title='bbox 1331 864 1433 900; x_wconf 89' lang='lat' dir='ltr'>libro</span> <span class='ocrx_word' id='word_1_86' title='bbox 1473 862 1648 911; x_wconf 91' lang='lat' dir='ltr'>capitulo</span> <span class='ocrx_word' id='word_1_87' title='bbox 1681 864 1749 898; x_wconf 87' lang='lat' dir='ltr'>XX</span> <span class='ocrx_word' id='word_1_88' title='bbox 1782 871 1818 899; x_wconf 91' lang='lat' dir='ltr'>et</span> <span class='ocrx_word' id='word_1_89' title='bbox 1856 873 1886 904; x_wconf 91' lang='lat' dir='ltr'><strong>T</strong></span> 
     </span>
     <span class='ocr_line' id='line_1_20' title="bbox 504 919 1943 973; baseline -0.007 -9"><span class='ocrx_word' id='word_1_90' title='bbox 504 929 551 965; x_wconf 91' lang='lat' dir='ltr'>de</span> <span class='ocrx_word' id='word_1_91' title='bbox 596 927 683 964; x_wconf 87' lang='lat' dir='ltr'>aliis</span> <span class='ocrx_word' id='word_1_92' title='bbox 723 925 1038 970; x_wconf 80' lang='lat' dir='ltr'>difficultatibus,</span> <span class='ocrx_word' id='word_1_93' title='bbox 1082 935 1160 972; x_wconf 91' lang='lat' dir='ltr'>que</span> <span class='ocrx_word' id='word_1_94' title='bbox 1193 923 1329 959; x_wconf 86' lang='lat' dir='ltr'>oracio</span> <span class='ocrx_word' id='word_1_95' title='bbox 1358 919 1362 964; x_wconf 84' lang='grc' dir='ltr'>Ι</span> <span class='ocrx_word' id='word_1_96' title='bbox 1392 930 1449 958; x_wconf 89' lang='lat' dir='ltr'>est</span> <span class='ocrx_word' id='word_1_97' title='bbox 1481 920 1700 969; x_wconf 80' lang='lat' dir='ltr'>purgandis</span> <span class='ocrx_word' id='word_1_98' title='bbox 1733 933 1818 968; x_wconf 88' lang='lat' dir='ltr'>pre-</span> <span class='ocrx_word' id='word_1_99' title='bbox 1863 928 1943 973; x_wconf 45' lang='lat'>194⁶*</span> 
     </span>
     <span class='ocr_line' id='line_1_21' title="bbox 505 978 1819 1032; baseline -0.005 -11"><span class='ocrx_word' id='word_1_100' title='bbox 505 984 681 1022; x_wconf 86' lang='lat' dir='ltr'>stancior</span> <span class='ocrx_word' id='word_1_101' title='bbox 725 992 835 1032; x_wconf 90' lang='lat' dir='ltr'>patet</span> <span class='ocrx_word' id='word_1_102' title='bbox 867 982 1050 1028; x_wconf 81' lang='lat' dir='ltr'>inferius3</span> <span class='ocrx_word' id='word_1_103' title='bbox 1084 980 1248 1018; x_wconf 88' lang='lat' dir='ltr'>abiectis</span> <span class='ocrx_word' id='word_1_104' title='bbox 1282 979 1403 1028; x_wconf 82' lang='lat' dir='ltr'>igitur</span> <span class='ocrx_word' id='word_1_105' title='bbox 1435 979 1518 1015; x_wconf 88' lang='lat' dir='ltr'>istis</span> <span class='ocrx_word' id='word_1_106' title='bbox 1548 978 1648 1015; x_wconf 84' lang='lat' dir='ltr'>fucis</span> <span class='ocrx_word' id='word_1_107' title='bbox 1672 980 1819 1026; x_wconf 90' lang='lat' dir='ltr'>dyabo-</span> 
     </span>
     <span class='ocr_line' id='line_1_22' title="bbox 504 1036 1820 1087; baseline -0.006 -7"><span class='ocrx_word' id='word_1_108' title='bbox 504 1043 590 1080; x_wconf 89' lang='lat' dir='ltr'>licis</span> <span class='ocrx_word' id='word_1_109' title='bbox 634 1042 855 1079; x_wconf 88' lang='lat' dir='ltr'>rectificent</span> <span class='ocrx_word' id='word_1_110' title='bbox 900 1040 1052 1077; x_wconf 88' lang='lat' dir='ltr'>domini</span> <span class='ocrx_word' id='word_1_111' title='bbox 1097 1039 1339 1087; x_wconf 86' lang='lat' dir='ltr'>temporales</span> <span class='ocrx_word' id='word_1_112' title='bbox 1384 1050 1473 1074; x_wconf 90' lang='lat' dir='ltr'>suas</span> <span class='ocrx_word' id='word_1_113' title='bbox 1512 1036 1750 1073; x_wconf 90' lang='lat' dir='ltr'>elemosinas</span> <span class='ocrx_word' id='word_1_114' title='bbox 1784 1045 1820 1073; x_wconf 92' lang='lat' dir='ltr'>et</span> 
     </span>
     <span class='ocr_line' id='line_1_23' title="bbox 505 1094 1819 1150; baseline -0.006 -12"><span class='ocrx_word' id='word_1_115' title='bbox 505 1112 743 1150; x_wconf 86' lang='lat' dir='ltr'>quecunque</span> <span class='ocrx_word' id='word_1_116' title='bbox 774 1098 1017 1148; x_wconf 89' lang='lat' dir='ltr'>temporalia</span> <span class='ocrx_word' id='word_1_117' title='bbox 1051 1099 1156 1134; x_wconf 92' lang='lat' dir='ltr'>bona</span> <span class='ocrx_word' id='word_1_118' title='bbox 1194 1096 1360 1133; x_wconf 87' lang='lat' dir='ltr'>ecclesie</span> <span class='ocrx_word' id='word_1_119' title='bbox 1393 1097 1570 1133; x_wconf 86' lang='lat' dir='ltr'>cavendo</span> <span class='ocrx_word' id='word_1_120' title='bbox 1603 1107 1652 1131; x_wconf 88' lang='lat' dir='ltr'>ne</span> <span class='ocrx_word' id='word_1_121' title='bbox 1686 1094 1819 1131; x_wconf 89' lang='lat' dir='ltr'>clerici</span> 
     </span>
     <span class='ocr_line' id='line_1_24' title="bbox 505 1152 1876 1207; baseline -0.006 -12"><span class='ocrx_word' id='word_1_122' title='bbox 505 1159 573 1207; x_wconf 93' lang='lat' dir='ltr'>qui</span> <span class='ocrx_word' id='word_1_123' title='bbox 607 1160 753 1195; x_wconf 89' lang='lat' dir='ltr'>debent</span> <span class='ocrx_word' id='word_1_124' title='bbox 791 1170 874 1194; x_wconf 89' lang='lat' dir='ltr'>esse</span> <span class='ocrx_word' id='word_1_125' title='bbox 905 1156 986 1193; x_wconf 87' lang='lat' dir='ltr'>vita</span> <span class='ocrx_word' id='word_1_126' title='bbox 1026 1155 1164 1204; x_wconf 90' lang='lat' dir='ltr'>populi</span> <span class='ocrx_word' id='word_1_127' title='bbox 1196 1156 1342 1191; x_wconf 89' lang='lat' dir='ltr'>cadant</span> <span class='ocrx_word' id='word_1_128' title='bbox 1375 1155 1423 1190; x_wconf 92' lang='lat' dir='ltr'>ab</span> <span class='ocrx_word' id='word_1_129' title='bbox 1462 1152 1692 1201; x_wconf 85' lang='lat' dir='ltr'>evangelica</span> <span class='ocrx_word' id='word_1_130' title='bbox 1724 1165 1820 1201; x_wconf 85' lang='lat' dir='ltr'>pau·</span> <span class='ocrx_word' id='word_1_131' title='bbox 1840 1161 1876 1193; x_wconf 88' lang='lat'>15</span> 
     </span>
     <span class='ocr_line' id='line_1_25' title="bbox 505 1210 1820 1266; baseline -0.006 -12"><span class='ocrx_word' id='word_1_132' title='bbox 505 1225 673 1266; x_wconf 79' lang='lat' dir='ltr'>pestate.</span> <span class='ocrx_word' id='word_1_133' title='bbox 708 1217 822 1253; x_wconf 90' lang='lat' dir='ltr'>Unde</span> <span class='ocrx_word' id='word_1_134' title='bbox 856 1226 1042 1262; x_wconf 82' lang='lat' dir='ltr'>magnam</span> <span class='ocrx_word' id='word_1_135' title='bbox 1077 1221 1233 1261; x_wconf 89' lang='lat' dir='ltr'>partem</span> <span class='ocrx_word' id='word_1_136' title='bbox 1267 1211 1379 1248; x_wconf 88' lang='lat' dir='ltr'>istius</span> <span class='ocrx_word' id='word_1_137' title='bbox 1412 1213 1613 1248; x_wconf 86' lang='lat' dir='ltr'>sentencie</span> <span class='ocrx_word' id='word_1_138' title='bbox 1646 1210 1820 1247; x_wconf 89' lang='lat' dir='ltr'>inculcat</span> 
     </span>
     <span class='ocr_line' id='line_1_26' title="bbox 504 1268 1817 1320; baseline -0.006 -8"><span class='ocrx_word' id='word_1_139' title='bbox 504 1274 744 1312; x_wconf 86' lang='lat' dir='ltr'>venerabilis</span> <span class='ocrx_word' id='word_1_140' title='bbox 768 1275 875 1310; x_wconf 85' lang='lat' dir='ltr'>Beda</span> <span class='ocrx_word' id='word_1_141' title='bbox 898 1273 937 1309; x_wconf 92' lang='lat' dir='ltr'>in</span> <span class='ocrx_word' id='word_1_142' title='bbox 958 1272 1137 1320; x_wconf 84' lang='lat' dir='ltr'>Epistola</span> <span class='ocrx_word' id='word_1_143' title='bbox 1160 1272 1210 1307; x_wconf 85' lang='lat' dir='ltr'>ad</span> <span class='ocrx_word' id='word_1_144' title='bbox 1230 1272 1445 1318; x_wconf 83' lang='lat' dir='ltr'>Egbertum</span> <span class='ocrx_word' id='word_1_145' title='bbox 1470 1268 1817 1317; x_wconf 86' lang='lat' dir='ltr'>archiepiscopum</span> 
     </span>
     <span class='ocr_line' id='line_1_27' title="bbox 507 1328 1819 1379; baseline -0.005 -10"><span class='ocrx_word' id='word_1_146' title='bbox 507 1335 814 1377; x_wconf 88' lang='lat' dir='ltr'>Eboracensem,</span> <span class='ocrx_word' id='word_1_147' title='bbox 861 1343 937 1379; x_wconf 90' lang='lat' dir='ltr'>que</span> <span class='ocrx_word' id='word_1_148' title='bbox 982 1330 1037 1375; x_wconf 84' lang='lat' dir='ltr'>sic</span> <span class='ocrx_word' id='word_1_149' title='bbox 1070 1329 1229 1377; x_wconf 85' lang='lat' dir='ltr'>incipit:</span> <span class='ocrx_word' id='word_1_150' title='bbox 1263 1328 1526 1364; x_wconf 79' lang='lat' dir='ltr'>Dilectissimo</span> <span class='ocrx_word' id='word_1_151' title='bbox 1565 1339 1610 1363; x_wconf 90' lang='lat' dir='ltr'>ac</span> <span class='ocrx_word' id='word_1_152' title='bbox 1643 1339 1819 1363; x_wconf 79' lang='lat' dir='ltr'>reveren-</span> 
     </span>
     <span class='ocr_line' id='line_1_28' title="bbox 507 1384 1821 1436; baseline -0.006 -8"><span class='ocrx_word' id='word_1_153' title='bbox 507 1391 665 1427; x_wconf 83' lang='lat' dir='ltr'>dissimo</span> <span class='ocrx_word' id='word_1_154' title='bbox 687 1390 859 1436; x_wconf 78' lang='lat' dir='ltr'>antistiti,</span> <span class='ocrx_word' id='word_1_155' title='bbox 883 1388 951 1425; x_wconf 90' lang='lat' dir='ltr'>ubi</span> <span class='ocrx_word' id='word_1_156' title='bbox 974 1396 1190 1436; x_wconf 88' lang='lat' dir='ltr'>postquam</span> <span class='ocrx_word' id='word_1_157' title='bbox 1214 1387 1396 1422; x_wconf 86' lang='lat' dir='ltr'>hortatus</span> <span class='ocrx_word' id='word_1_158' title='bbox 1420 1394 1477 1421; x_wconf 91' lang='lat' dir='ltr'>est</span> <span class='ocrx_word' id='word_1_159' title='bbox 1502 1398 1590 1421; x_wconf 86' lang='lat' dir='ltr'>cum</span> <span class='ocrx_word' id='word_1_160' title='bbox 1617 1384 1821 1421; x_wconf 84' lang='lat' dir='ltr'>evidencia</span> 
     </span>
     <span class='ocr_line' id='line_1_29' title="bbox 509 1442 1880 1496; baseline -0.006 -11"><span class='ocrx_word' id='word_1_161' title='bbox 509 1448 722 1496; x_wconf 87' lang='lat' dir='ltr'>multiplici</span> <span class='ocrx_word' id='word_1_162' title='bbox 766 1460 855 1484; x_wconf 93' lang='lat' dir='ltr'>cum</span> <span class='ocrx_word' id='word_1_163' title='bbox 904 1459 994 1494; x_wconf 83' lang='lat' dir='ltr'>rege</span> <span class='ocrx_word' id='word_1_164' title='bbox 1028 1445 1214 1482; x_wconf 90' lang='lat' dir='ltr'>Coluulfo</span> <span class='ocrx_word' id='word_1_165' title='bbox 1253 1452 1399 1480; x_wconf 87' lang='lat' dir='ltr'>statum</span> <span class='ocrx_word' id='word_1_166' title='bbox 1434 1442 1749 1480; x_wconf 88' lang='lat' dir='ltr'>ecclesiasticum</span> <span class='ocrx_word' id='word_1_167' title='bbox 1781 1442 1821 1478; x_wconf 92' lang='lat' dir='ltr'>in</span> <span class='ocrx_word' id='word_1_168' title='bbox 1838 1460 1880 1481; x_wconf 87' lang='lat'>20</span> 
     </span>
     <span class='ocr_line' id='line_1_30' title="bbox 508 1501 1821 1550; baseline -0.006 -7"><span class='ocrx_word' id='word_1_169' title='bbox 508 1507 648 1543; x_wconf 89' lang='lat' dir='ltr'>melius</span> <span class='ocrx_word' id='word_1_170' title='bbox 681 1506 906 1542; x_wconf 87' lang='lat' dir='ltr'>instaurare</span> <span class='ocrx_word' id='word_1_171' title='bbox 938 1503 1166 1541; x_wconf 89' lang='lat' dir='ltr'>ordinando</span> <span class='ocrx_word' id='word_1_172' title='bbox 1199 1502 1333 1550; x_wconf 87' lang='lat' dir='ltr'>plures</span> <span class='ocrx_word' id='word_1_173' title='bbox 1374 1501 1572 1538; x_wconf 89' lang='lat' dir='ltr'>antistites</span> <span class='ocrx_word' id='word_1_174' title='bbox 1605 1501 1821 1549; x_wconf 85' lang='lat' dir='ltr'>respondet</span> 
     </span>
     <span class='ocr_line' id='line_1_31' title="bbox 507 1559 1821 1614; baseline -0.005 -13"><span class='ocrx_word' id='word_1_175' title='bbox 507 1563 761 1614; x_wconf 84' lang='lat' dir='ltr'>quadruplici</span> <span class='ocrx_word' id='word_1_176' title='bbox 812 1562 987 1599; x_wconf 89' lang='lat' dir='ltr'>obiectui</span> <span class='ocrx_word' id='word_1_177' title='bbox 1032 1574 1205 1609; x_wconf 89' lang='lat' dir='ltr'>quorum</span> <span class='ocrx_word' id='word_1_178' title='bbox 1249 1560 1402 1608; x_wconf 86' lang='lat' dir='ltr'>primus</span> <span class='ocrx_word' id='word_1_179' title='bbox 1450 1559 1544 1596; x_wconf 82' lang='lat' dir='ltr'>dicit</span> <span class='ocrx_word' id='word_1_180' title='bbox 1588 1560 1696 1606; x_wconf 88' lang='lat' dir='ltr'>quod</span> <span class='ocrx_word' id='word_1_181' title='bbox 1740 1571 1821 1594; x_wconf 91' lang='lat' dir='ltr'>non</span> 
     </span>
     <span class='ocr_line' id='line_1_32' title="bbox 507 1616 1822 1671; baseline -0.006 -12"><span class='ocrx_word' id='word_1_182' title='bbox 507 1633 688 1671; x_wconf 87' lang='lat' dir='ltr'>superest</span> <span class='ocrx_word' id='word_1_183' title='bbox 731 1623 844 1658; x_wconf 89' lang='lat' dir='ltr'>locus</span> <span class='ocrx_word' id='word_1_184' title='bbox 887 1620 991 1657; x_wconf 87' lang='lat' dir='ltr'>sedis</span> <span class='ocrx_word' id='word_1_185' title='bbox 1038 1618 1290 1667; x_wconf 85' lang='lat' dir='ltr'>episcopalis.</span> <span class='ocrx_word' id='word_1_186' title='bbox 1335 1619 1412 1654; x_wconf 88' lang='lat' dir='ltr'>Sed</span> <span class='ocrx_word' id='word_1_187' title='bbox 1457 1618 1507 1653; x_wconf 88' lang='lat' dir='ltr'>ad</span> <span class='ocrx_word' id='word_1_188' title='bbox 1546 1616 1643 1652; x_wconf 92' lang='lat' dir='ltr'>illud</span> <span class='ocrx_word' id='word_1_189' title='bbox 1676 1616 1732 1652; x_wconf 91' lang='lat' dir='ltr'>sic</span> <span class='ocrx_word' id='word_1_190' title='bbox 1764 1628 1822 1652; x_wconf 88' lang='lat' dir='ltr'>re-</span> 
     </span>
     <span class='ocr_line' id='line_1_33' title="bbox 507 1675 1821 1729; baseline -0.006 -12"><span class='ocrx_word' id='word_1_191' title='bbox 507 1682 694 1729; x_wconf 88' lang='lat' dir='ltr'>spondet:</span> <span class='ocrx_word' id='word_1_192' title='bbox 741 1680 929 1728; x_wconf 82' lang='lat' dir='ltr'>Equidem</span> <span class='ocrx_word' id='word_1_193' title='bbox 965 1678 1139 1714; x_wconf 78' lang='lat' dir='ltr'>novimus</span> <span class='ocrx_word' id='word_1_194' title='bbox 1182 1677 1284 1725; x_wconf 83' lang='lat' dir='ltr'>quod</span> <span class='ocrx_word' id='word_1_195' title='bbox 1314 1688 1389 1725; x_wconf 87' lang='lat' dir='ltr'>per</span> <span class='ocrx_word' id='word_1_196' title='bbox 1447 1675 1634 1711; x_wconf 86' lang='lat' dir='ltr'>incuriam</span> <span class='ocrx_word' id='word_1_197' title='bbox 1683 1687 1821 1725; x_wconf 74' lang='lat' dir='ltr'>regum</span> 
     </span>
     <span class='ocr_line' id='line_1_34' title="bbox 503 1734 1880 1789; baseline -0.004 -13"><span class='ocrx_word' id='word_1_198' title='bbox 503 1738 800 1789; x_wconf 86' lang='lat' dir='ltr'>precedencium·</span> <span class='ocrx_word' id='word_1_199' title='bbox 839 1737 1142 1784; x_wconf 85' lang='lat' dir='ltr'>donacionesque</span> <span class='ocrx_word' id='word_1_200' title='bbox 1184 1734 1433 1771; x_wconf 85' lang='lat' dir='ltr'>stultissimas</span> <span class='ocrx_word' id='word_1_201' title='bbox 1466 1734 1623 1782; x_wconf 87' lang='lat' dir='ltr'>factum</span> <span class='ocrx_word' id='word_1_202' title='bbox 1670 1739 1737 1776; x_wconf 88' lang='lat' dir='ltr'>est,</span> <span class='ocrx_word' id='word_1_203' title='bbox 1785 1739 1880 1770; x_wconf 84' lang='lat' dir='ltr'>ut25</span> 
     </span>
     <span class='ocr_line' id='line_1_35' title="bbox 509 1790 1825 1845; baseline -0.006 -12"><span class='ocrx_word' id='word_1_204' title='bbox 509 1810 581 1833; x_wconf 83' lang='lat' dir='ltr'>non</span> <span class='ocrx_word' id='word_1_205' title='bbox 603 1796 730 1845; x_wconf 83' lang='lat' dir='ltr'>facile</span> <span class='ocrx_word' id='word_1_206' title='bbox 763 1808 905 1832; x_wconf 74' lang='lat' dir='ltr'>vacans</span> <span class='ocrx_word' id='word_1_207' title='bbox 942 1796 1047 1830; x_wconf 90' lang='lat' dir='ltr'>locus</span> <span class='ocrx_word' id='word_1_208' title='bbox 1079 1793 1142 1829; x_wconf 82' lang='lat' dir='ltr'>ubi</span> <span class='ocrx_word' id='word_1_209' title='bbox 1170 1793 1280 1829; x_wconf 88' lang='lat' dir='ltr'>sedes</span> <span class='ocrx_word' id='word_1_210' title='bbox 1312 1791 1543 1841; x_wconf 88' lang='lat' dir='ltr'>episcopatis</span> <span class='ocrx_word' id='word_1_211' title='bbox 1563 1790 1662 1839; x_wconf 87' lang='lat' dir='ltr'>fieri</span> <span class='ocrx_word' id='word_1_212' title='bbox 1692 1791 1825 1826; x_wconf 84' lang='lat' dir='ltr'>debeat</span> 
     </span>
     <span class='ocr_line' id='line_1_36' title="bbox 510 1849 1823 1901; baseline -0.006 -10"><span class='ocrx_word' id='word_1_213' title='bbox 510 1855 675 1891; x_wconf 73' lang='lat' dir='ltr'>inveniri</span> <span class='ocrx_word' id='word_1_214' title='bbox 717 1855 855 1890; x_wconf 71' lang='lat' dir='ltr'>valeat.</span> <span class='ocrx_word' id='word_1_215' title='bbox 896 1853 1147 1901; x_wconf 81' lang='lat' dir='ltr'>Quapropter</span> <span class='ocrx_word' id='word_1_216' title='bbox 1179 1851 1425 1887; x_wconf 87' lang='lat' dir='ltr'>commodum</span> <span class='ocrx_word' id='word_1_217' title='bbox 1463 1849 1659 1892; x_wconf 85' lang='lat' dir='ltr'>duxerim,</span> <span class='ocrx_word' id='word_1_218' title='bbox 1692 1849 1823 1884; x_wconf 84' lang='lat' dir='ltr'>habito</span> 
     </span>
     <span class='ocr_line' id='line_1_37' title="bbox 510 1906 1826 1959; baseline -0.006 -10"><span class='ocrx_word' id='word_1_219' title='bbox 510 1912 652 1949; x_wconf 88' lang='lat' dir='ltr'>maiori</span> <span class='ocrx_word' id='word_1_220' title='bbox 694 1912 851 1948; x_wconf 88' lang='lat' dir='ltr'>consilio</span> <span class='ocrx_word' id='word_1_221' title='bbox 897 1918 931 1946; x_wconf 92' lang='lat' dir='ltr'>et</span> <span class='ocrx_word' id='word_1_222' title='bbox 976 1922 1159 1946; x_wconf 85' lang='lat' dir='ltr'>consensu</span> <span class='ocrx_word' id='word_1_223' title='bbox 1199 1908 1417 1959; x_wconf 76' lang='lat' dir='ltr'>pontificali</span> <span class='ocrx_word' id='word_1_224' title='bbox 1457 1907 1575 1943; x_wconf 86' lang='lat' dir='ltr'>simul</span> <span class='ocrx_word' id='word_1_225' title='bbox 1618 1913 1652 1942; x_wconf 91' lang='lat' dir='ltr'>et</span> <span class='ocrx_word' id='word_1_226' title='bbox 1696 1906 1826 1956; x_wconf 77' lang='lat' dir='ltr'>regali</span> 
     </span>
     <span class='ocr_line' id='line_1_38' title="bbox 511 1964 1826 2019; baseline -0.005 -13"><span class='ocrx_word' id='word_1_227' title='bbox 511 1971 647 2015; x_wconf 80' lang='lat' dir='ltr'>edicto,</span> <span class='ocrx_word' id='word_1_228' title='bbox 676 1969 943 2019; x_wconf 82' lang='lat' dir='ltr'>prospiciatur</span> <span class='ocrx_word' id='word_1_229' title='bbox 966 1969 1073 2004; x_wconf 90' lang='lat' dir='ltr'>locus</span> <span class='ocrx_word' id='word_1_230' title='bbox 1095 1967 1232 2015; x_wconf 86' lang='lat' dir='ltr'>aliquis</span> <span class='ocrx_word' id='word_1_231' title='bbox 1259 1965 1598 2008; x_wconf 80' lang='lat' dir='ltr'>monasteriorum,</span> <span class='ocrx_word' id='word_1_232' title='bbox 1632 1965 1696 2000; x_wconf 87' lang='lat' dir='ltr'>ubi</span> <span class='ocrx_word' id='word_1_233' title='bbox 1717 1964 1826 2000; x_wconf 85' lang='lat' dir='ltr'>sedes</span> 
     </span>
     <span class='ocr_line' id='line_1_39' title="bbox 511 2023 1885 2077; baseline -0.004 -12"><span class='ocrx_word' id='word_1_234' title='bbox 511 2028 739 2077; x_wconf 87' lang='lat' dir='ltr'>episcopalis</span> <span class='ocrx_word' id='word_1_235' title='bbox 770 2027 849 2077; x_wconf 87' lang='lat' dir='ltr'>fiat</span> <span class='ocrx_word' id='word_1_236' title='bbox 891 2034 925 2061; x_wconf 78' lang='lat' dir='ltr'>et</span> <span class='ocrx_word' id='word_1_237' title='bbox 946 2027 1062 2075; x_wconf 86' lang='lat' dir='ltr'>forte</span> <span class='ocrx_word' id='word_1_238' title='bbox 1092 2025 1210 2061; x_wconf 87' lang='lat' dir='ltr'>abbas</span> <span class='ocrx_word' id='word_1_239' title='bbox 1242 2025 1302 2060; x_wconf 81' lang='lat' dir='ltr'>vel</span> <span class='ocrx_word' id='word_1_240' title='bbox 1333 2023 1514 2060; x_wconf 86' lang='lat' dir='ltr'>monachi</span> <span class='ocrx_word' id='word_1_241' title='bbox 1549 2023 1636 2058; x_wconf 87' lang='lat' dir='ltr'>huic</span> <span class='ocrx_word' id='word_1_242' title='bbox 1671 2023 1825 2058; x_wconf 85' lang='lat' dir='ltr'>decreto</span> <span class='ocrx_word' id='word_1_243' title='bbox 1843 2028 1885 2059; x_wconf 84' lang='lat'>30</span> 
     </span>
     <span class='ocr_line' id='line_1_40' title="bbox 513 2080 1827 2132; baseline -0.006 -10"><span class='ocrx_word' id='word_1_244' title='bbox 513 2086 711 2123; x_wconf 86' lang='lat' dir='ltr'>contraire</span> <span class='ocrx_word' id='word_1_245' title='bbox 754 2098 799 2120; x_wconf 89' lang='lat' dir='ltr'>ac</span> <span class='ocrx_word' id='word_1_246' title='bbox 844 2084 1025 2120; x_wconf 87' lang='lat' dir='ltr'>resistere</span> <span class='ocrx_word' id='word_1_247' title='bbox 1062 2082 1336 2132; x_wconf 75' lang='lat' dir='ltr'>temptaverint</span> <span class='ocrx_word' id='word_1_248' title='bbox 1368 2082 1481 2117; x_wconf 87' lang='lat' dir='ltr'>detur</span> <span class='ocrx_word' id='word_1_249' title='bbox 1512 2081 1564 2117; x_wconf 88' lang='lat' dir='ltr'>eis</span> <span class='ocrx_word' id='word_1_250' title='bbox 1598 2080 1754 2116; x_wconf 82' lang='lat' dir='ltr'>licencia</span> <span class='ocrx_word' id='word_1_251' title='bbox 1787 2087 1827 2115; x_wconf 89' lang='lat' dir='ltr'>ut</span> 
     </span>
     <span class='ocr_line' id='line_1_41' title="bbox 514 2135 1948 2193; baseline -0.003 -13"><span class='ocrx_word' id='word_1_252' title='bbox 514 2145 562 2180; x_wconf 86' lang='lat' dir='ltr'>de</span> <span class='ocrx_word' id='word_1_253' title='bbox 581 2144 659 2180; x_wconf 85' lang='lat' dir='ltr'>suis</span> <span class='ocrx_word' id='word_1_254' title='bbox 682 2144 829 2193; x_wconf 80' lang='lat' dir='ltr'>eligant</span> <span class='ocrx_word' id='word_1_255' title='bbox 851 2155 934 2178; x_wconf 87' lang='lat' dir='ltr'>eum</span> <span class='ocrx_word' id='word_1_256' title='bbox 959 2142 1023 2190; x_wconf 86' lang='lat' dir='ltr'>qui</span> <span class='ocrx_word' id='word_1_257' title='bbox 1053 2142 1251 2190; x_wconf 88' lang='lat' dir='ltr'>episcopus</span> <span class='ocrx_word' id='word_1_258' title='bbox 1283 2139 1487 2176; x_wconf 84' lang='lat' dir='ltr'>ordinetur</span> <span class='ocrx_word' id='word_1_259' title='bbox 1504 2135 1507 2191; x_wconf 77' lang='grc' dir='ltr'>Ι</span> <span class='ocrx_word' id='word_1_260' title='bbox 1525 2146 1559 2174; x_wconf 92' lang='lat' dir='ltr'>et</span> <span class='ocrx_word' id='word_1_261' title='bbox 1590 2137 1825 2174; x_wconf 87' lang='lat' dir='ltr'>adicencium</span> <span class='ocrx_word' id='word_1_262' title='bbox 1872 2142 1948 2185; x_wconf 73' lang='lat'>195⁸</span> 
     </span>
     <span class='ocr_line' id='line_1_42' title="bbox 514 2197 1826 2250; baseline -0.005 -12"><span class='ocrx_word' id='word_1_263' title='bbox 514 2203 687 2238; x_wconf 87' lang='lat' dir='ltr'>locorum</span> <span class='ocrx_word' id='word_1_264' title='bbox 730 2208 913 2250; x_wconf 82' lang='lat' dir='ltr'>quotquot</span> <span class='ocrx_word' id='word_1_265' title='bbox 955 2200 1007 2235; x_wconf 88' lang='lat' dir='ltr'>ad</span> <span class='ocrx_word' id='word_1_266' title='bbox 1050 2200 1208 2235; x_wconf 86' lang='lat' dir='ltr'>eandem</span> <span class='ocrx_word' id='word_1_267' title='bbox 1249 2197 1447 2250; x_wconf 78' lang='lat' dir='ltr'>dyocesim</span> <span class='ocrx_word' id='word_1_268' title='bbox 1476 2197 1709 2246; x_wconf 79' lang='lat' dir='ltr'>pertineant,</span> <span class='ocrx_word' id='word_1_269' title='bbox 1753 2208 1826 2231; x_wconf 87' lang='lat' dir='ltr'>una</span> 
     </span>
     <span class='ocr_line' id='line_1_43' title="bbox 514 2254 1831 2309; baseline -0.005 -13"><span class='ocrx_word' id='word_1_270' title='bbox 514 2270 598 2297; x_wconf 89' lang='lat' dir='ltr'>cum</span> <span class='ocrx_word' id='word_1_271' title='bbox 644 2260 725 2309; x_wconf 84' lang='lat' dir='ltr'>ipso</span> <span class='ocrx_word' id='word_1_272' title='bbox 768 2258 1004 2295; x_wconf 86' lang='lat' dir='ltr'>monasterio</span> <span class='ocrx_word' id='word_1_273' title='bbox 1048 2270 1182 2293; x_wconf 81' lang='lat' dir='ltr'>cur-am</span> <span class='ocrx_word' id='word_1_274' title='bbox 1227 2263 1343 2307; x_wconf 81' lang='lat' dir='ltr'>gerat</span> <span class='ocrx_word' id='word_1_275' title='bbox 1383 2255 1658 2305; x_wconf 88' lang='lat' dir='ltr'>episcopalem‚·</span> <span class='ocrx_word' id='word_1_276' title='bbox 1700 2261 1766 2289; x_wconf 87' lang='lat' dir='ltr'>aut</span> <span class='ocrx_word' id='word_1_277' title='bbox 1795 2254 1831 2289; x_wconf 87' lang='lat' dir='ltr'>si</span> 
     </span>
     <span class='ocr_line' id='line_1_44' title="bbox 517 2312 1884 2367; baseline -0.005 -13"><span class='ocrx_word' id='word_1_278' title='bbox 517 2319 632 2367; x_wconf 85' lang='lat' dir='ltr'>sorte</span> <span class='ocrx_word' id='word_1_279' title='bbox 663 2318 699 2353; x_wconf 88' lang='lat' dir='ltr'>in</span> <span class='ocrx_word' id='word_1_280' title='bbox 733 2317 813 2366; x_wconf 89' lang='lat' dir='ltr'>ipso</span> <span class='ocrx_word' id='word_1_281' title='bbox 846 2315 1093 2361; x_wconf 83' lang='lat' dir='ltr'>monasterio,</span> <span class='ocrx_word' id='word_1_282' title='bbox 1140 2315 1204 2363; x_wconf 86' lang='lat' dir='ltr'>qui</span> <span class='ocrx_word' id='word_1_283' title='bbox 1245 2314 1446 2363; x_wconf 86' lang='lat' dir='ltr'>episcopus</span> <span class='ocrx_word' id='word_1_284' title='bbox 1485 2312 1663 2349; x_wconf 84' lang='lat' dir='ltr'>ordinari</span> <span class='ocrx_word' id='word_1_285' title='bbox 1694 2312 1828 2348; x_wconf 82' lang='lat' dir='ltr'>debeat</span> <span class='ocrx_word' id='word_1_286' title='bbox 1845 2316 1884 2349; x_wconf 78' lang='lat'>35</span> 
     </span>
     <span class='ocr_line' id='line_1_45' title="bbox 515 2372 1826 2423; baseline -0.005 -11"><span class='ocrx_word' id='word_1_287' title='bbox 515 2376 681 2412; x_wconf 82' lang='lat' dir='ltr'>inveniri</span> <span class='ocrx_word' id='word_1_288' title='bbox 711 2382 882 2423; x_wconf 86' lang='lat' dir='ltr'>nequeat,</span> <span class='ocrx_word' id='word_1_289' title='bbox 915 2375 952 2410; x_wconf 87' lang='lat' dir='ltr'>in</span> <span class='ocrx_word' id='word_1_290' title='bbox 985 2373 1157 2422; x_wconf 84' lang='lat' dir='ltr'>ipsorum</span> <span class='ocrx_word' id='word_1_291' title='bbox 1191 2380 1317 2408; x_wconf 87' lang='lat' dir='ltr'>tamen</span> <span class='ocrx_word' id='word_1_292' title='bbox 1341 2372 1452 2408; x_wconf 85' lang='lat' dir='ltr'>iuxta</span> <span class='ocrx_word' id='word_1_293' title='bbox 1472 2378 1616 2407; x_wconf 87' lang='lat' dir='ltr'>statuta</span> <span class='ocrx_word' id='word_1_294' title='bbox 1640 2381 1826 2406; x_wconf 87' lang='lat' dir='ltr'>canonum</span> 
     </span>
     <span class='ocr_line' id='line_1_46' title="bbox 508 2427 1827 2483; baseline -0.005 -13"><span class='ocrx_word' id='word_1_295' title='bbox 508 2435 675 2483; x_wconf 81' lang='lat' dir='ltr'>pendeat</span> <span class='ocrx_word' id='word_1_296' title='bbox 718 2433 897 2469; x_wconf 87' lang='lat' dir='ltr'>examine</span> <span class='ocrx_word' id='word_1_297' title='bbox 940 2432 1004 2480; x_wconf 84' lang='lat' dir='ltr'>qui</span> <span class='ocrx_word' id='word_1_298' title='bbox 1048 2431 1093 2466; x_wconf 85' lang='lat' dir='ltr'>de</span> <span class='ocrx_word' id='word_1_299' title='bbox 1123 2443 1192 2467; x_wconf 87' lang='lat' dir='ltr'>sua</span> <span class='ocrx_word' id='word_1_300' title='bbox 1226 2429 1390 2481; x_wconf 76' lang='lat' dir='ltr'>dyocesi</span> <span class='ocrx_word' id='word_1_301' title='bbox 1424 2429 1626 2465; x_wconf 85' lang='lat' dir='ltr'>ordinetur</span> <span class='ocrx_word' id='word_1_302' title='bbox 1656 2427 1827 2464; x_wconf 87' lang='lat' dir='ltr'>antistes.</span> 
     </span>
    </p>

    <p class='ocr_par' dir='ltr' id='par_1_7' title="bbox 513 2485 1827 2597">
     <span class='ocr_line' id='line_1_47' title="bbox 573 2485 1827 2536; baseline -0.006 -8"><span class='ocrx_word' id='word_1_303' title='bbox 573 2492 781 2528; x_wconf 87' lang='lat' dir='ltr'>Secundus</span> <span class='ocrx_word' id='word_1_304' title='bbox 814 2490 994 2526; x_wconf 88' lang='lat' dir='ltr'>obiectus</span> <span class='ocrx_word' id='word_1_305' title='bbox 1028 2497 1086 2525; x_wconf 87' lang='lat' dir='ltr'>est</span> <span class='ocrx_word' id='word_1_306' title='bbox 1119 2489 1227 2536; x_wconf 92' lang='lat' dir='ltr'>quod</span> <span class='ocrx_word' id='word_1_307' title='bbox 1256 2496 1416 2535; x_wconf 88' lang='lat' dir='ltr'>oportet</span> <span class='ocrx_word' id='word_1_308' title='bbox 1440 2487 1673 2535; x_wconf 89' lang='lat' dir='ltr'>episcopum</span> <span class='ocrx_word' id='word_1_309' title='bbox 1697 2485 1827 2521; x_wconf 88' lang='lat' dir='ltr'>dotari</span> 
     </span>
     <span class='ocr_line' id='line_1_48' title="bbox 513 2544 1827 2597; baseline -0.005 -11"><span class='ocrx_word' id='word_1_310' title='bbox 513 2550 554 2591; x_wconf 84' lang='lat' dir='ltr'>in</span> <span class='ocrx_word' id='word_1_311' title='bbox 586 2548 876 2597; x_wconf 84' lang='lat' dir='ltr'>temporalibus</span> <span class='ocrx_word' id='word_1_312' title='bbox 921 2556 958 2584; x_wconf 88' lang='lat' dir='ltr'>et</span> <span class='ocrx_word' id='word_1_313' title='bbox 991 2559 1081 2584; x_wconf 87' lang='lat' dir='ltr'>cum</span> <span class='ocrx_word' id='word_1_314' title='bbox 1114 2547 1241 2583; x_wconf 87' lang='lat' dir='ltr'>factus</span> <span class='ocrx_word' id='word_1_315' title='bbox 1280 2544 1469 2589; x_wconf 88' lang='lat' dir='ltr'>secularis</span> <span class='ocrx_word' id='word_1_316' title='bbox 1502 2544 1713 2592; x_wconf 88' lang='lat' dir='ltr'>episcopus</span> <span class='ocrx_word' id='word_1_317' title='bbox 1745 2555 1827 2579; x_wconf 90' lang='lat' dir='ltr'>non</span> 
     </span>
    </p>
   </div>
   <div class='ocr_carea' id='block_1_6' title="bbox 514 2677 1831 2752">
    <p class='ocr_par' dir='ltr' id='par_1_8' title="bbox 514 2677 1831 2752">
     <span class='ocr_line' id='line_1_49' title="bbox 584 2677 1831 2717; baseline -0.006 -6"><span class='ocrx_word' id='word_1_318' title='bbox 584 2691 629 2711; x_wconf 91' lang='lat'>20.</span> <span class='ocrx_word' id='word_1_319' title='bbox 651 2684 755 2711; x_wconf 83' lang='lat' dir='ltr'>Recte:</span> <span class='ocrx_word' id='word_1_320' title='bbox 780 2682 959 2717; x_wconf 74' lang='lat' dir='ltr'>Ceolntulfo.</span> <span class='ocrx_word' id='word_1_321' title='bbox 1033 2690 1080 2715; x_wconf 84' lang='lat'>24.</span> <span class='ocrx_word' id='word_1_322' title='bbox 1103 2682 1198 2709; x_wconf 85' lang='lat' dir='ltr'>Cod.:</span> <span class='ocrx_word' id='word_1_323' title='bbox 1225 2681 1375 2708; x_wconf 87' lang='lat' dir='ltr'>incuram:</span> <span class='ocrx_word' id='word_1_324' title='bbox 1449 2679 1496 2706; x_wconf 82' lang='lat'>26.</span> <span class='ocrx_word' id='word_1_325' title='bbox 1524 2678 1618 2706; x_wconf 88' lang='lat' dir='ltr'>Cod.:</span> <span class='ocrx_word' id='word_1_326' title='bbox 1645 2685 1758 2705; x_wconf 82' lang='lat' dir='ltr'>vacans</span> <span class='ocrx_word' id='word_1_327' title='bbox 1782 2677 1831 2705; x_wconf 82' lang='lat' dir='ltr'>vir</span> 
     </span>
     <span class='ocr_line' id='line_1_50' title="bbox 514 2716 1280 2752; baseline -0.003 -7"><span class='ocrx_word' id='word_1_328' title='bbox 514 2718 613 2751; x_wconf 81' lang='lat' dir='ltr'>sedis;</span> <span class='ocrx_word' id='word_1_329' title='bbox 632 2719 717 2746; x_wconf 87' lang='lat' dir='ltr'>locus</span> <span class='ocrx_word' id='word_1_330' title='bbox 736 2718 830 2745; x_wconf 86' lang='lat' dir='ltr'>deest.</span> <span class='ocrx_word' id='word_1_331' title='bbox 904 2718 943 2746; x_wconf 89' lang='lat'>31.</span> <span class='ocrx_word' id='word_1_332' title='bbox 966 2717 1060 2745; x_wconf 82' lang='lat' dir='ltr'>Cod.:</span> <span class='ocrx_word' id='word_1_333' title='bbox 1081 2716 1280 2752; x_wconf 82' lang='lat' dir='ltr'>temptabunt.</span> 
     </span>
    </p>
   </div>
   <div class='ocr_carea' id='block_1_7' title="bbox 516 2794 1828 2890">
    <p class='ocr_par' dir='ltr' id='par_1_9' title="bbox 516 2794 1828 2890">
     <span class='ocr_line' id='line_1_51' title="bbox 592 2794 1828 2879; baseline -0.005 -46"><span class='ocrx_word' id='word_1_334' title='bbox 592 2801 781 2879; x_wconf 38' lang='lat' dir='ltr'>1855&amp;ae</span> <span class='ocrx_word' id='word_1_335' title='bbox 801 2802 863 2843; x_wconf 86' lang='lat' dir='ltr'>Ep.</span> <span class='ocrx_word' id='word_1_336' title='bbox 883 2811 951 2832; x_wconf 82' lang='lat' dir='ltr'>sec.</span> <span class='ocrx_word' id='word_1_337' title='bbox 965 2800 1012 2831; x_wconf 76' lang='lat' dir='ltr'>&#39;ad</span> <span class='ocrx_word' id='word_1_338' title='bbox 1032 2799 1244 2841; x_wconf 83' lang='lat' dir='ltr'>Eggbertum</span> <span class='ocrx_word' id='word_1_339' title='bbox 1264 2799 1449 2830; x_wconf 86' lang='lat' dir='ltr'>antistitem</span> <span class='ocrx_word' id='word_1_340' title='bbox 1470 2798 1585 2839; x_wconf 81' lang='lat' dir='ltr'>Migne</span> <span class='ocrx_word' id='word_1_341' title='bbox 1606 2803 1690 2829; x_wconf 85' lang='lat' dir='ltr'>tom.</span> <span class='ocrx_word' id='word_1_342' title='bbox 1709 2794 1828 2839; x_wconf 85' lang='lat' dir='ltr'>XCIV,</span> 
     </span>
     <span class='ocr_line' id='line_1_52' title="bbox 516 2858 698 2890; baseline -0.011 -11"><span class='ocrx_word' id='word_1_343' title='bbox 516 2858 594 2890; x_wconf 85' lang='lat' dir='ltr'>pag.</span> <span class='ocrx_word' id='word_1_344' title='bbox 647 2859 662 2880; x_wconf 67' lang='grc' dir='ltr'>ο</span> <span class='ocrx_word' id='word_1_345' title='bbox 691 2871 698 2877; x_wconf 90' lang='grc'><em>.</em></span> 
     </span>
    </p>
   </div>
  </div>
 </body>
</html>
