2050 3292
218 244 306 271 CAP.
335 235 420 288 xx.]
686 245 821 276 LIBER
847 245 1056 276 TERTIUS.
1731 244 1811 283 423

219 351 406 388 nancium
442 350 618 386 excusari
652 363 673 385 a
706 358 871 397 peccato
904 349 1048 386 veniali
1082 361 1126 385 ex
1142 349 1387 396 proprietate
1421 348 1525 385 civili

220 422 263 445 ex
306 410 381 444 hoc
425 409 532 456 quod
577 408 695 443 ambo
740 407 1001 443 dominantur
1034 406 1200 443 civiliter
1233 406 1273 442 in
1307 405 1524 449 communi,

219 467 274 502 sic
307 465 412 502 enim
446 464 644 501 diminuto
678 473 874 500 conventu
908 463 1182 500 claustralium
1223 463 1523 499 dominancium

220 523 386 561 civiliter
417 534 545 571 usque
578 524 626 558 ad
659 521 820 558 unicam
861 534 1074 569 personam
1113 521 1336 569 simplicem
1370 520 1424 557 sic
1458 522 1526 556 do-

187 581 439 622 5minantem
485 580 525 616 in
570 579 733 627 proprio
779 579 904 616 eciam
950 592 1069 627 super
1113 587 1225 627 patre
1269 591 1341 615 suo
1375 578 1525 615 carnali

220 638 510 675 diminueretur
554 645 762 685 peccatum
807 646 844 673 et
889 638 1108 684 dampnum
1145 636 1200 672 rei
1233 636 1409 684 publice3
1453 648 1525 672 nec
1553 642 1611 679 aud
1634 645 1803 667 aconvent

220 705 276 733 est
295 697 421 731 minus
445 703 652 742 peccatum
677 694 950 731 claustralium
971 693 1272 730 dominancium
1297 693 1464 730 civiliter
1487 692 1525 728 in
1541 675 1812 744 oflssgdlffocligfflgch

220 752 437 798 communi,
457 764 577 800 quam
600 752 631 788 si
655 751 829 800 quelibet
853 764 1024 800 persona
1047 751 1152 787 illius
1175 751 1337 788 claustri
1360 751 1525 787 haberet
1542 744 1814 806 fflffioffgffg'sassveisfc

219 820 373 860 partem
407 810 481 846 sibi
513 810 814 858 appropriatam
845 809 1010 846 civiliter
1042 809 1136 857 ipsis
1159 808 1381 845 viventibus
1406 809 1526 844 modo
1595 799 1702 848 pffrted
1725 818 1755 840 to

167 888 204 909 10
219 878 420 905 rectorum
454 867 605 904 Oxonie
638 867 678 903 in
711 867 934 915 communi3
973 866 1029 903 sic
1069 866 1174 903 enim
1214 866 1527 914 appropriantur
1553 849 1624 875 each
1648 849 1787 875 member

219 925 431 975 plepositis
465 934 502 961 et
535 924 739 961 officiariis
762 925 1042 973 religiosorum
1068 924 1181 960 multi
1208 924 1385 961 redditus
1408 933 1527 972 atque

220 984 397 1033 ecclesie,
437 995 459 1019 a
502 982 645 1031 quibus
678 983 813 1019 abbati
846 996 926 1019 non
957 982 1049 1019 licet
1086 993 1272 1019 revocare
1311 994 1390 1032 eos,
1427 981 1528 1018 sieut

218 1055 290 1079 nec
332 1040 485 1089 priores
537 1040 727 1077 cellarum
772 1040 847 1076 nisi
892 1039 1110 1077 enormiter
1162 1039 1413 1088 deliquerint,
1474 1038 1528 1075 sic

219 1098 373 1136 domini
405 1098 605 1134 seculares
638 1107 805 1146 possunt
837 1097 985 1146 privari
1019 1097 1098 1134 suis
1132 1097 1316 1134 dominiis
1345 1110 1414 1145 per
1437 1109 1527 1133 suos

166 1156 457 1206 15prepositos.
493 1158 732 1193 Notaremus
770 1155 905 1204 itaque
938 1156 1141 1205 quomodo
1180 1156 1400 1192 seeundum
1435 1167 1527 1191 con-

219 1215 438 1252 clusionem
474 1212 620 1250 Christi
654 1214 776 1251 Math.
799 1214 846 1260 V,
881 1214 952 1251 25:
991 1213 1079 1249 Nisi
1114 1213 1352 1250 consenseris
1388 1214 1527 1248 adver-

217 1273 322 1309 sario
346 1280 408 1308 tuo
432 1271 467 1306 in
484 1271 559 1317 via,
593 1271 673 1320 ipse
694 1272 823 1307 tradet
846 1279 879 1307 te
901 1271 1029 1318 iudici,
1051 1271 1264 1307 tortoribus
1287 1278 1321 1306 et
1341 1271 1525 1321 gehenne.

219 1332 286 1367 Ille
328 1338 461 1366 autem
501 1328 752 1365 adversarius
797 1338 853 1365 est
898 1330 956 1366 lex
990 1337 1026 1365 et
1058 1330 1221 1365 verbum
1257 1328 1420 1364 Domini
1453 1340 1529 1376 que

220 1388 311 1425 dicit
351 1387 475 1424 Math.
499 1387 581 1432 VII,
612 1397 677 1424 12:
720 1387 857 1422 Omnia
896 1398 1113 1435 quecunque
1152 1386 1266 1422 vultis
1305 1394 1344 1421 ut
1371 1386 1530 1434 saciant

96 1452 175 1496 170d
220 1440 548 1497 vobislhomines,
582 1445 649 1480 hec
682 1452 716 1480 et
737 1445 864 1493 facite
886 1445 974 1490 illis,
1007 1443 1119 1480 cuius
1152 1443 1401 1481 contrarium
1436 1443 1529 1480 facit

219 1502 349 1540 omnis
383 1500 551 1538 civiliter
583 1501 808 1538 dominans.

149 1571 179 1602 O
276 1562 367 1597 Ideo
401 1558 497 1595 dicit
527 1559 773 1608 Augustinus
806 1572 990 1597 sermone
1022 1559 1155 1608 primo
1188 1562 1244 1595 De
1275 1558 1416 1596 Verbis
1450 1560 1528 1594 Do-

220 1618 335 1655 mini:
382 1617 423 1653 Si
454 1628 595 1666 peccas
625 1618 980 1667 quomodocumque
1012 1618 1077 1654 lex
1109 1625 1163 1654 est
1200 1617 1267 1653 tibi
1296 1617 1528 1653 adversaria

219 1677 366 1713 dicens:
398 1675 491 1711 Noli
516 1687 702 1724 peccare;
753 1675 815 1711 cui
856 1675 890 1711 si
931 1676 1022 1712 bene
1066 1675 1285 1712 consencias
1323 1675 1357 1710 in
1392 1675 1452 1710 via
1485 1687 1527 1710 eo

160 1743 198 1775 25
219 1735 300 1784 ipso
332 1733 434 1783 quod
455 1733 564 1782 facis
599 1741 634 1769 te
661 1733 774 1783 plene
817 1733 981 1770 amicum
1028 1746 1101 1770 non
1146 1733 1296 1769 obvium
1342 1732 1411 1768 tibi
1441 1732 1525 1781 ipsi,

217 1800 304 1828 tunc
338 1792 421 1828 loco
454 1791 589 1828 iudicis
621 1798 655 1827 et
688 1791 874 1835 tortoris;
923 1799 958 1828 et
984 1791 1274 1841 presentaheris
1312 1790 1423 1839 patri
1454 1802 1528 1839 per

215 1849 379 1901 angelos
412 1849 447 1884 in
481 1850 602 1885 celum
637 1848 672 1885 in
706 1850 787 1885 loco
820 1849 1006 1900 gehenne.
1040 1851 1087 1885 Et
1126 1849 1243 1885 istum
1287 1860 1524 1884 consensum

215 1906 519 1956 exproprietatis
562 1915 721 1955 oportet
761 1907 979 1955 quemlibet
1023 1906 1341 1954 predestinatum
1382 1906 1527 1942 habere

215 1966 357 2002 saltem
391 1963 431 2001 in
463 1965 539 2001 fine
572 1965 690 2001 huius
721 1964 811 2003 vite.

158 2031 200 2062 30
273 2025 391 2059 Sexto
431 2022 631 2071 colligitur
670 2024 778 2071 quod
817 2035 898 2059 non
944 2031 1002 2059 est
1036 2021 1252 2067 evidencia,
1293 2021 1325 2057 si
1358 2032 1525 2069 persona
1560 2026 1638 2053 Two
1659 2034 1693 2053 οι
1714 2034 1799 2054 more

214 2082 328 2129 layca
372 2089 587 2129 aggregata
633 2080 864 2116 dominatur
909 2079 1075 2117 civiliter
1119 2079 1160 2115 in
1192 2078 1411 2124 communi,
1457 2090 1526 2126 per
1547 2061 1802 2123 ιῑὲῖζωάθὲῖωᾞῗέῃ

215 2139 319 2176 idern
360 2138 454 2175 licet
491 2138 623 2174 ordini
657 2138 894 2175 clericorum
927 2137 1060 2174 taliter
1098 2137 1315 2182 dominari3
1355 2148 1525 2185 persona
1553 2130 1801 2201 overossljieemsame

215 2196 321 2233 enim
346 2195 652 2244 coniugatorum
677 2194 908 2232 dominatur
930 2195 1109 2239 civiliter,
1143 2194 1234 2231 licet
1255 2207 1336 2231 non
1361 2201 1525 2243 uterque
1724 2186 1731 2200 ’

215 2254 430 2302 coniugum
465 2253 694 2290 dominetur
726 2266 770 2290 ex
803 2265 917 2301 equo,
951 2254 1042 2289 Ideo
1075 2252 1142 2289 ubi
1175 2252 1233 2289 vir
1266 2260 1324 2289 est
1357 2251 1525 2288 civiliter

156 2317 196 2350 35
214 2312 439 2359 dominans,
490 2324 587 2348 uxor
631 2319 764 2348 autem
810 2310 1101 2347 subdominans
1153 2318 1189 2346 et
1233 2322 1303 2358 per
1353 2318 1523 2345 mortem

214 2370 348 2407 mariti
381 2371 502 2406 habet
533 2369 593 2405 ius
627 2369 848 2406 derivatum
884 2381 927 2405 ex
950 2367 1200 2405 successione
1224 2367 1329 2415 pleni
1355 2366 1523 2404 dominii

191 2425 293 2464 *non
332 2436 507 2464 econtra.
554 2428 666 2464 Unde
705 2426 797 2463 licet
831 2425 976 2463 marito
1010 2437 1191 2462 exercere
1230 2425 1376 2461 multos
1411 2433 1522 2461 aetus

214 2484 345 2522 civiles
378 2485 550 2533 qualiter
584 2496 764 2521 exercere
796 2483 979 2520 illicitum
1014 2492 1071 2520 est
1102 2482 1225 2529 uxori,
1259 2483 1362 2519 foret
1385 2491 1522 2519 tamen

211 2543 362 2579 licitum
399 2542 542 2579 marito
577 2551 749 2580 mortUO.
804 2543 896 2579 Ideo
937 2540 1038 2578 sicut
1070 2553 1150 2578 non
1188 2540 1308 2577 simul
1341 2553 1384 2577 ex
1418 2552 1520 2589 equo

281 2724 308 2751 8.
331 2722 425 2751 Cod.:
446 2723 589 2757 quolibet.
663 2721 701 2750 13.
721 2722 816 2750 Cod.:
838 2722 1091 2758 derelinquerint.
1184 2729 1231 2756 24.
1254 2721 1348 2749 Cod.:
1370 2729 1420 2749 νια
1441 2720 1524 2756 quod

211 2757 299 2786 facis.
373 2758 419 2786 26.
442 2758 499 2785 Hic
518 2758 605 2785 locus
625 2762 789 2793 corruptus
810 2762 865 2785 est.

283 2848 336 2881 23.
363 2841 455 2882 Opp.
482 2847 566 2873 tom.
584 2841 625 2881 V,
655 2839 717 2873 558
745 2840 898 2883 Loosely
925 2840 1066 2882 quoted.
