2050 3292
223 232 312 260 CAP.
334 222 432 275 XXI]
693 232 827 262 LIBER
852 231 1060 262 TERTIUS.

225 338 426 387 competit,
472 345 515 373 ut
547 338 687 373 doceat
720 336 779 372 ius
813 335 937 374 civile.
983 336 1043 371 Ad
1076 334 1170 383 quid
1204 347 1298 382 ergo
1330 334 1531 370 laboraret

225 395 456 434 scolasticus
479 407 551 442 pro
580 395 655 430 hoc
678 395 815 441 gradu,
850 394 910 429 vel
932 391 1019 441 quis
1040 392 1197 428 timeret
1224 393 1423 439 deponere
1456 403 1529 439 pro

224 454 430 491 habilitate
451 451 626 489 doctoris
649 451 780 497 civilis,
805 463 892 487 curn
916 451 1043 486 omnis
1067 451 1187 486 homo
1211 451 1257 485 sit
1277 449 1434 485 humilis
1458 478 1466 486 .
1489 478 1498 486 .
1521 478 1531 488 .

282 514 392 556 Item,
440 511 744 546 fundamentum
788 507 942 545 videtur
994 507 1219 544 claudicare
1273 519 1315 542 ex
1360 508 1529 542 ruditate

110 572 187 615 1721’
224 568 484 617 grammatice
528 575 672 615 putans
705 566 737 602 si
770 562 923 618 alilcui
957 565 1149 613 competit
1182 564 1437 612 ethimologia
1468 564 1529 600 vel

225 625 437 672 derivacio,
470 634 563 661 tunc
596 633 632 660 et
664 625 811 672 species
845 622 1018 660 derivati.
1053 625 1100 658 Et
1129 635 1219 658 cum
1244 630 1400 658 constat
1422 622 1530 669 quod

224 683 410 720 diffinicio
443 695 489 719 ac
522 681 740 729 descripcio
773 680 958 716 differunt
991 693 1012 716 a
1045 680 1175 727 specie
1203 679 1462 716 derivacionis
1485 690 1531 714 ac

225 740 479 788 ethimologie
518 749 554 775 et
592 739 633 775 in
668 747 812 775 natura
851 739 977 774 multa
1013 737 1265 785 originantur
1297 749 1318 773 a
1350 735 1532 784 pluribus

226 812 315 835 cum
349 798 492 846 quibus
525 810 605 833 non
638 796 866 833 coincidunt
897 797 935 831 in
967 803 1111 832 natura
1139 796 1266 840 (aliter
1290 796 1391 830 enim
1416 802 1532 842 quot-

161 857 320 898 ,xolibet
358 864 460 892 esset
498 856 712 899 dominus),
750 867 829 890 non
867 855 983 901 igitur
1016 852 1212 900 sequitur:
1254 852 1355 900 lapis
1388 851 1534 887 dicitur

226 913 506 961 ethimologice
539 911 653 960 quasi
675 912 809 947 ledens
843 912 1005 958 pedem3
1041 912 1179 946 Petrus
1213 909 1411 957 cespitans
1440 909 1533 945 ledit

227 973 382 1021 pedem,
415 983 509 1018 ergo
532 972 672 1006 Petrus
705 978 763 1005 est
794 969 904 1016 lapis,
938 977 1032 1004 tunc
1065 967 1171 1004 enim
1204 967 1337 1003 omnis
1369 968 1534 1003 scanda—

226 1029 346 1065 lisans
369 1041 409 1065 se
432 1029 492 1065 vel
516 1027 636 1064 alium
662 1027 764 1064 foret
795 1026 905 1074 lapis,
930 1038 1004 1062 nec
1020 1025 1219 1074 sequitur:
1242 1024 1366 1061 horno
1389 1024 1534 1060 dicitur

227 1088 275 1123 ab
309 1089 444 1130 humo,
478 1085 614 1122 omnia
647 1094 751 1121 terre
773 1086 983 1121 nascencia
1005 1096 1141 1131 ymmo
1165 1084 1283 1119 mixta
1309 1083 1535 1130 procedunt

175 1148 210 1179 15
227 1147 275 1181 ab
309 1146 444 1191 humo,
479 1155 572 1191 ergo
605 1142 741 1179 omnia
773 1141 841 1178 illa
873 1150 964 1178 sunt
996 1142 1196 1188 homines;
1229 1153 1302 1177 nec
1334 1141 1532 1188 sequitur:

226 1203 285 1238 lex
309 1202 452 1238 dicitur
475 1214 497 1237 a
520 1201 693 1251 ligando,
727 1212 818 1247 ergo
841 1212 980 1236 omnes
1004 1211 1159 1236 errores
1181 1197 1274 1235 lecti
1307 1206 1397 1234 sunt
1429 1198 1534 1245 leges

228 1269 264 1296 et
297 1261 350 1295 sic
382 1259 422 1295 in
455 1258 651 1307 quotlibet
684 1256 872 1306 exemplis
895 1256 1088 1293 similibus
1118 1256 1158 1293 in
1181 1255 1326 1304 quibus
1349 1256 1535 1303 gramati-

230 1317 367 1354 caliter
411 1325 448 1354 et
492 1318 638 1353 inerter
680 1316 853 1352 innitens
892 1316 1156 1351 confunderet
1193 1325 1332 1351 omnes
1366 1313 1534 1360 linguas,

227 1387 362 1423 ymmo
400 1375 459 1411 lex
498 1374 644 1410 inercia
675 1375 887 1409 verborum
928 1372 1190 1409 confunderet
1228 1371 1389 1420 policias
1421 1379 1536 1406 utens

171 1444 213 1466 20
227 1432 402 1469 terminis
442 1445 531 1468 curn
566 1433 707 1479 quibus
731 1461 739 1469 .
764 1456 774 1468 .
798 1461 806 1470 .
832 1439 1025 1467 tractatus
1064 1431 1114 1466 ad
1154 1441 1290 1466 sensus
1324 1429 1536 1476 equivocos

229 1502 272 1527 ex
316 1491 403 1526 rudi
447 1488 782 1537 interpretacione
840 1488 1120 1535 ethimologica
1175 1487 1237 1524 vel
1289 1486 1537 1523 derivacione

228 1557 323 1584 tunc
356 1556 487 1595 preter
519 1559 680 1583 sensum
713 1548 979 1583 communiter
1010 1545 1216 1582 usitatum.
1250 1546 1361 1590 Item,
1396 1556 1439 1580 ex
1461 1545 1536 1580 isto

228 1606 489 1642 fundamento
522 1613 745 1653 sequuntur
766 1604 958 1652 quotlibet
981 1602 1256 1640 conclusiones
1288 1601 1455 1647 insolite,
1495 1609 1538 1637 ut

229 1672 324 1711 puta
349 1664 447 1699 sicut
470 1674 588 1699 nemo
611 1670 743 1710 potest
765 1663 974 1709 dampnari
995 1660 1072 1697 nisi
1105 1662 1247 1697 doctor
1277 1661 1370 1696 iuris
1404 1658 1536 1705 civilis,

174 1723 212 1755 25
230 1723 282 1757 sic
326 1733 443 1757 nemo
482 1729 611 1768 potest
643 1721 785 1756 salvari
816 1719 889 1756 nisi
922 1720 1115 1767 presbiter
1153 1718 1353 1756 secularis.
1406 1718 1538 1753 Prima

232 1791 322 1826 pars
361 1787 469 1826 patet
509 1790 552 1813 ex
590 1778 678 1822 hoc,
718 1778 828 1826 quod
860 1779 1039 1813 doctrina
1073 1777 1315 1824 quandoque
1354 1783 1469 1811 sonat
1501 1776 1538 1810 in

120 1841 194 1880 172ε
234 1837 398 1883 malum⁷
432 1844 474 1871 ut
498 1838 785 1873 Deuteronom.
808 1836 888 1884 XX,
916 1836 960 1872 18
978 1829 1215 1886 precipitur}
1236 1832 1403 1869 Hebreis
1436 1831 1539 1868 occi-

233 1895 325 1931 dere
369 1905 432 1929 sex
475 1893 665 1940 civitates,
710 1906 767 1939 ne,
811 1894 948 1940 inquit,
995 1893 1156 1929 doceant
1188 1903 1255 1928 vos
1287 1897 1443 1927 cunctas
1474 1890 1540 1925 ab-

233 1952 514 1988 hominaciones
529 1963 622 2000 quas
644 1950 718 1999 ipsi
738 1951 889 2000 operati
907 1957 1015 1995 sunt5
1033 1959 1069 1986 et
1091 1951 1215 1997 Apoc.
1238 1950 1282 1993 ΙΙ,
1313 1960 1379 1996 14:
1410 1947 1541 1983 Habes

176 2009 310 2045 301'llic
342 2016 507 2045 tenentes
539 2009 754 2044 doctrinam
777 2009 941 2044 Balaam
973 2009 1039 2057 qui
1059 2008 1218 2043 docebat
1239 2007 1363 2042 Balac
1391 2005 1542 2041 mittere

231 2067 457 2103 scandalum
491 2079 622 2102 coram
644 2065 745 2115 filiis
776 2066 939 2102 Israhel.
972 2067 1052 2101 Nec
1085 2066 1214 2100 solum
1239 2065 1382 2100 doctor
1410 2071 1541 2099 exten-

234 2126 337 2160 ditur
380 2125 430 2161 ad
474 2124 668 2167 homines,
713 2124 781 2159 sed
820 2122 1094 2171 principaliter
1134 2124 1183 2158 ad
1217 2123 1343 2158 Deum
1380 2129 1416 2157 et
1449 2132 1540 2156 con-

233 2190 443 2230 sequenter
476 2182 525 2218 ad
557 2181 777 2230 quamlibet
814 2189 1052 2219 creaturam.
1104 2180 1168 2217 Sic
1213 2179 1320 2216 enim
1364 2177 1544 2226 loquitur

234 2249 393 2276 sanctus
424 2241 497 2275 Job
528 2241 608 2285 XII,
645 2250 686 2289 7:
731 2239 926 2274 Nimirum
965 2238 1168 2289 interroga
1209 2238 1375 2273 iumenta
1406 2243 1443 2272 et
1474 2236 1541 2271 do-

178 2298 217 2332 35
235 2298 367 2334 cebunt
390 2305 436 2335 te.
470 2299 570 2333 Nam
595 2297 739 2333 docere
761 2309 843 2333 non
866 2305 923 2333 est
947 2296 1052 2332 aliud
1075 2295 1150 2332 nisi
1174 2307 1332 2331 movere
1354 2302 1541 2330 naturam

236 2354 567 2403 disciplinabilem
601 2356 651 2391 ad
697 2353 887 2391 noticiam
932 2353 1122 2400 veritatis,
1176 2353 1344 2401 qualiter
1396 2350 1543 2387 dicitur

198 2415 200 2418 ”
234 2414 349 2449 Prov.
372 2413 434 2456 VI,
469 2413 512 2450 6:
553 2413 657 2448 Vade
694 2413 746 2447 ad
777 2411 1007 2460 formicam,
1053 2424 1073 2448 ο
1101 2410 1234 2461 piger,
1273 2417 1307 2446 et
1340 2409 1542 2446 considera

236 2470 316 2506 vias
347 2470 425 2506 eius
457 2477 491 2506 et
523 2470 625 2505 disce
654 2469 901 2519 sapienciam.

171 2530 196 2561 C
294 2530 347 2563 Ex
389 2527 471 2563 istis
518 2527 717 2575 colligitur
762 2528 870 2576 quod
902 2539 1021 2563 nemo
1060 2534 1191 2574 potest
1223 2522 1436 2572 dampnari
1468 2522 1543 2560 nisi

237 2585 355 2621 faciat
401 2585 549 2621 malum
595 2594 631 2621 et
677 2597 746 2632 per
791 2596 1036 2632 consequens
1074 2583 1148 2620 nisi
1181 2584 1323 2619 doceat
1355 2581 1544 2630 implicite

236 2643 296 2679 vel
329 2642 507 2691 explicite
540 2642 603 2678 hic
635 2643 695 2679 vel
727 2644 765 2678 in
798 2642 952 2678 inferno
985 2643 1043 2677 ius
1076 2640 1245 2678 civitatis
1279 2639 1450 2688 dyaboli.

308 2763 331 2791 3.
355 2763 450 2792 Cod.:
484 2764 607 2791 humilis
626 2766 658 2791 t?
676 2764 715 2791 tis
736 2764 812 2798 (sive
832 2764 950 2797 centis).
1024 2770 1061 2790 12.
1079 2759 1189 2798 pede—ni
1214 2762 1244 2790 in
1266 2761 1331 2789 cod.
1416 2769 1456 2788 21.
1477 2761 1544 2796 qui-

242 2799 314 2831 hun
334 2799 470 2834 sequitur
489 2800 596 2826 lacuna
616 2798 708 2825 trium
730 2799 775 2825 vel
797 2803 930 2833 quatuor
951 2798 1119 2826 literarum.
1246 2795 1291 2824 23.
1312 2796 1475 2828 usitatum;
1497 2795 1545 2823 hic

242 2834 369 2860 verbum
391 2834 487 2861 deest.
576 2832 614 2860 31.
636 2833 730 2860 Cod.:
754 2833 835 2860 illuc.

1733 229 1813 268 427

1561 512 1619 540 We
1640 516 1721 539 must
1742 517 1794 539 not

1572 549 1605 573 be
1626 547 1734 574 misled
1757 547 1795 582 by

1573 582 1783 617 etymologier,

1594 1664 1695 1691 which
1717 1671 1787 1698 may

1561 1699 1626 1726 lead
1648 1703 1678 1725 to
1699 1698 1812 1725 absurd

1587 1732 1797 1761 conclusions.
