2050 3292
272 521 476 555 Forgiveness

237 557 295 583 and
324 565 413 591 grace
434 557 511 583 have

245 591 323 619 their
344 599 454 618 source
475 591 503 618 in

291 627 360 653 God
382 627 463 662 only.

254 1099 309 1126 llis
332 1098 429 1125 xicars
450 1106 500 1125 are

270 1169 274 1172 ι
317 1133 368 1160 but
388 1133 436 1160 his

268 1172 482 1195 instruments.

272 1734 320 1761 No
342 1742 410 1760 man
434 1742 487 1761 can

337 1769 423 1795 make

252 1803 440 1830 satisl'action
464 1803 510 1830 for

258 1838 389 1871 himself7
412 1839 503 1865 much

244 1873 305 1899 lcss
327 1873 374 1900 sor
394 1873 508 1900 others.

258 2195 458 2223 ,iustification
481 2195 505 2222 is

306 2239 321 2257 a
342 2235 458 2265 greater

289 2265 422 2293 exercise
443 2265 477 2292 of

285 2308 390 2335 power
409 2300 481 2327 than

307 2335 452 2362 creation.

954 234 1013 265 DE
1042 232 1178 265 ctvm
1205 231 1416 265 DOMINIO.
1619 218 1723 275 [CAP.
1745 229 1839 257 xxv.

525 342 593 377 sed
627 339 795 388 castigat
827 347 870 375 ut
904 338 1042 377 filium.
1076 340 1124 374 Et
1156 350 1206 374 ne
1236 337 1325 386 quis
1358 346 1563 386 presumat
1597 350 1639 374 ex
1672 337 1842 375 scintilla

526 398 695 434 istorum
720 398 925 445 signorum
944 409 1111 445 peccare
1128 395 1334 441 audacius⁷
1351 395 1486 444 posuit
1502 399 1607 432 Deus
1623 396 1841 444 probabili-

525 464 645 493 tatem
664 455 705 492 in
722 455 796 491 hiis
812 454 934 503 signis
952 463 988 491 et
1004 467 1083 491 non
1099 454 1325 490 absolutam
1343 453 1550 490 veritatem
1569 453 1838 491 connexionis.

583 515 642 550 Ad
677 513 843 550 tercium
879 512 1023 549 dicitur
1047 513 1154 560 quod
1179 512 1319 548 falsum
1346 511 1574 557 assumitur,
1608 525 1699 548 nam
1734 513 1840 548 solus

526 575 631 609 Deus
676 579 805 619 potest
850 570 1150 607 antonomatice
1195 578 1359 617 peccata
1404 569 1616 615 dimittere,
1663 569 1838 618 graciam

527 630 619 666 dare
653 642 724 677 pro
757 637 922 677 peccato
967 641 1037 676 per
1075 641 1114 664 se
1158 627 1398 674 satssfacere,
1440 636 1506 664 aut
1538 641 1560 667 a
1593 636 1758 675 peccam)
1792 629 1841 664 ad

526 687 724 724 iusticiam
760 698 965 734 revocare3
1000 687 1164 734 quando
1198 694 1330 722 autem
1363 686 1460 722 tales
1485 685 1840 722 denominaciones

526 745 800 781 attribuuntur
833 744 917 781 eius
949 744 1120 792 vicariis,
1154 744 1229 780 hoc
1263 752 1331 792 est,
1370 751 1412 779 ut
1452 743 1532 779 eius
1565 743 1841 780 instrumentis

526 804 639 839 valde
673 802 875 851 equivoce.
928 801 1050 838 Racio
1084 801 1203 850 primi
1236 810 1313 837 est:
1353 803 1481 837 Nemo
1514 809 1643 849 potest
1677 814 1841 849 peccare

528 860 604 897 nisi
648 859 923 909 principaliter
966 868 1104 907 peccet
1147 858 1187 894 in
1227 862 1367 904 Deum,
1414 859 1503 896 ideo
1547 872 1666 895 nemo
1711 868 1841 907 potest

527 927 737 966 peccatum
763 917 966 954 remittere
988 917 1064 954 nisi
1088 915 1361 965 principaliter
1384 917 1613 953 remittatur
1632 925 1840 965 peccatum

526 978 563 1012 in
599 979 738 1019 Deum,
774 988 863 1012 cum
898 975 965 1011 illo
998 983 1230 1012 remanente
1261 975 1412 1010 nullum
1437 984 1646 1022 peccatum
1673 976 1842 1011 mortale

528 1034 760 1082 dimittitur-3
795 1033 889 1082 quia
922 1034 1170 1070 auctorisans
1203 1045 1363 1069 omnem
1406 1032 1683 1070 remissionem
1717 1032 1842 1069 offen-

528 1092 646 1128 ditur.
701 1093 777 1128 Sed
812 1091 900 1140 quis
939 1100 1092 1127 tantum
1139 1091 1332 1127 insaniret
1360 1091 1364 1137 Ι
1393 1100 1435 1127 ut
1475 1091 1581 1127 dicat
1615 1099 1839 1127 creaturam

528 1149 827 1187 autononiaffice
850 1148 1377 1195 renisttereIDeiiniuriann
1410 1161 1546 1196 >munio
1581 1149 1621 1184 in
1648 1157 1839 1197 quantun]

526 1211 632 1244 Deus
679 1207 862 1244 concedit
892 1206 1041 1243 vicario
1079 1220 1149 1244 suo
1190 1215 1426 1254 potestatem
1470 1208 1518 1242 ad
1560 1208 1635 1243 hoc
1675 1207 1843 1255 ipsemet

528 1265 706 1314 prevenit
738 1265 994 1311 remittendo,
1030 1277 1118 1301 cum
1154 1264 1336 1301 remissio
1370 1273 1447 1300 stat
1481 1265 1520 1300 in
1552 1266 1635 1301 sola
1659 1274 1842 1313 accepta-

531 1325 642 1360 cione
675 1323 820 1367 divina,
855 1331 891 1359 et
925 1323 1183 1359 conformiter
1215 1323 1321 1359 solus
1347 1325 1450 1358 Deus
1476 1324 1543 1359 dat
1566 1323 1621 1358 sic
1651 1322 1841 1371 graciam,

529 1381 622 1430 quia
656 1389 837 1429 acceptat
877 1372 1100 1417 creaturam
1141 1382 1191 1417 ad
1232 1393 1341 1417 suam
1384 1380 1626 1424 amiciciam,
1673 1381 1779 1429 quod
1811 1381 1842 1416 si

530 1439 611 1475 eius
644 1439 814 1476 vicarius
848 1447 890 1474 ut
923 1451 989 1477 rex
1021 1440 1080 1475 vel
1114 1438 1323 1487 episcopus
1356 1438 1450 1475 facit
1482 1438 1842 1476 instrumentaliter

530 1496 667 1545 quevis
711 1496 824 1544 signa
869 1505 906 1532 et
951 1499 1056 1533 Deus
1109 1498 1394 1533 antecedenter
1438 1498 1498 1532 vel
1551 1505 1843 1545 consequenter

530 1554 696 1591 remittit
728 1563 938 1602 peccatum
971 1556 1031 1591 vel
1063 1557 1129 1591 dat
1161 1554 1350 1601 graciam,
1396 1567 1477 1591 non
1510 1564 1673 1603 propter
1706 1567 1750 1590 ea
1783 1567 1841 1591 re—

532 1612 651 1648 mittit
695 1621 904 1660 peccatum
940 1613 999 1648 vel
1039 1614 1105 1648 dat
1143 1612 1333 1661 graciam,
1379 1614 1447 1648 sed
1493 1614 1593 1649 sicut
1625 1611 1731 1649 saira
1762 1625 1843 1649 non

530 1670 715 1718 intelligit
745 1671 805 1706 vel
839 1670 998 1706 edificat
1029 1671 1121 1706 licet
1154 1670 1512 1707 instrumentaliter
1544 1672 1593 1707 ad
1623 1671 1698 1706 hoc
1722 1670 1841 1717 iuvat,

531 1728 585 1764 sic
620 1737 676 1764 est
709 1729 757 1764 de
791 1727 862 1764 Dei
894 1728 1065 1764 vicariis.
1108 1729 1210 1765 Nolo
1243 1737 1378 1764 tamen
1422 1728 1624 1764 offendere
1658 1728 1841 1765 doctores

531 1786 598 1834 qui
623 1785 899 1834 equivocando
924 1786 1037 1822 aliter
1070 1795 1161 1822 sunt
1194 1785 1329 1824 locuti.
1366 1794 1402 1822 et
1426 1787 1478 1822 sic
1502 1787 1549 1823 de
1573 1798 1643 1834 per
1666 1798 1706 1822 se
1729 1786 1841 1823 satis—

531 1844 709 1880 faccione
744 1851 898 1880 constat
930 1846 1036 1891 quod
1072 1844 1202 1880 omnis
1235 1856 1332 1891 pure
1366 1845 1487 1880 homo
1520 1844 1560 1880 in
1593 1853 1697 1880 statu
1730 1844 1841 1881 inno-

532 1902 666 1938 cencie
698 1910 899 1938 teneretur
932 1904 1015 1938 Deo
1050 1912 1243 1950 quantum
1278 1902 1476 1938 sufficeret
1516 1903 1681 1938 reddere
1715 1902 1841 1938 eciam

531 1973 603 2007 pro
637 1972 677 1996 se
710 1960 814 2008 ipso3
851 1960 973 1995 multo
1010 1960 1133 2007 magis
1165 1969 1335 2009 tenetur7
1370 1961 1530 2008 quando
1552 1961 1604 1996 ita
1629 1961 1763 2008 lapsus
1787 1969 1843 1997 est

531 2017 686 2053 novster
714 2017 918 2053 offendens
952 2017 1153 2065 nnpotens
1186 2027 1222 2054 et
1257 2018 1725 2066 neghgens.(2uon]odo
1751 2030 1841 2066 ergo

531 2075 728 2111 sufficeret
773 2088 842 2122 per
874 2087 913 2111 se
957 2075 1186 2112 satisfacere
1230 2089 1303 2123 pro
1341 2088 1382 2112 se
1415 2085 1452 2111 et
1485 2075 1583 2121 aliis,
1618 2089 1753 2123 ymmo
1788 2080 1843 2122 (ut

532 2145 623 2181 sepe
656 2133 746 2173 dixi)
782 2134 887 2181 quod
922 2134 1009 2169 talis
1042 2133 1266 2170 satisfactor
1298 2134 1348 2170 sit
1381 2136 1485 2169 Deus
1518 2142 1555 2169 et
1588 2135 1733 2170 homo?

590 2193 795 2236 (Quantuni
842 2192 889 2227 ful
930 2201 1115 2239 quartum]
1159 2192 1295 2228 dicunt
1333 2191 1460 2228 sancffi
1512 2193 1695 2228 doctores
1734 2193 1841 2240 quod

532 2250 619 2296 pum
653 2248 959 2285 estiusffificare
991 2249 1309 2298 nnpiun1quan1
1345 2251 1715 2298 meareinundunu
1750 2249 1843 2298 quia

532 2306 742 2354 utrobique
789 2307 1008 2354 requiritur
1051 2315 1163 2343 tanta
1208 2308 1392 2355 potencia
1437 2317 1474 2343 et
1512 2308 1550 2343 in
1584 2307 1715 2355 primo
1747 2320 1840 2353 non,

533 2366 597 2400 sed
633 2364 672 2399 in
705 2366 880 2400 secundo
914 2374 970 2400 est
1003 2365 1247 2402 resistencia,
1300 2366 1413 2402 Unde
1458 2365 1512 2401 hii
1558 2365 1694 2402 dicunt
1732 2367 1841 2413 quod

534 2431 739 2469 peccatum
761 2422 959 2458 inlinitum
978 2423 1099 2459 distat
1123 2436 1143 2459 a
1168 2423 1323 2460 iusticia
1340 2432 1377 2459 et
1401 2436 1421 2459 a
1446 2423 1622 2471 qualibet
1638 2432 1839 2470 creatura3

534 2479 622 2516 ideo
655 2489 813 2527 oportet
848 2481 955 2528 quod
989 2480 1189 2517 sufficiens
1223 2482 1325 2517 hanc
1350 2481 1585 2518 distanciam
1620 2481 1759 2518 tollere
1792 2480 1842 2518 sit

533 2537 718 2584 potencia
751 2537 920 2581 infinita,
955 2538 1009 2574 hii
1043 2538 1193 2584 dicunt,
1227 2541 1334 2587 quod
1366 2538 1488 2575 solius
1518 2539 1588 2575 Dei
1623 2548 1680 2575 est
1712 2539 1841 2576 facere

534 2595 603 2631 Dei
638 2595 778 2638 filium,
813 2609 901 2632 cum
937 2596 1105 2644 adopcio
1138 2608 1213 2645 que
1236 2598 1285 2633 ad
1318 2598 1392 2633 hoc
1420 2594 1425 2648 Ι
1455 2596 1671 2645 requiritur
1703 2596 1752 2633 sit
1785 2597 1842 2632 in-

534 2653 878 2689 communicabilis
902 2662 1094 2701 creature,
1129 2663 1166 2690 et
1200 2654 1252 2690 hii
1286 2655 1423 2691 dicunt
1455 2656 1561 2703 quod
1599 2656 1746 2690 nedum
1781 2666 1840 2690 re-

534 2710 705 2758 quiritur
750 2719 1002 2759 peccatorem
1047 2712 1200 2749 noviter
1245 2712 1383 2761 creari,
1427 2714 1494 2749 sed
1528 2712 1612 2749 fieri
1646 2712 1840 2761 quodam-

602 2842 644 2871 23.
664 2844 771 2877 satra,-
791 2853 842 2872 an:
867 2853 959 2872 serra.

1862 872 1899 891 10

1882 1103 1940 1133 241

1863 1152 1899 1183 15

1860 1450 1901 1471 20

1859 1730 1898 1762 25

1858 2028 1900 2060 30

1882 2601 1963 2639 242⁸
