2050 3292
253 223 334 272 578

279 459 338 486 and
359 467 416 486 our
435 459 500 486 first

276 499 401 528 parents
422 502 501 521 were

260 528 402 555 involved
424 528 454 556 in
475 529 512 556 all

277 563 366 590 kinds
387 563 422 590 of
439 564 497 590 sin.

303 2019 369 2046 The
389 2018 453 2046 Fall

264 2053 426 2089 destroyed
438 2052 500 2092 'the

301 2089 462 2116 harmonio

306 2124 451 2151 relations

260 2158 395 2185 between
417 2155 483 2186 soul

251 2194 310 2220 and
334 2193 417 2229 body
438 2195 497 2222 and

241 2236 275 2254 so
288 2229 400 2256 caused
414 2228 515 2257 death.

965 233 1023 263 DE
1051 232 1187 264 crviLt
1217 233 1425 264 DOMINIO.
1621 221 1731 274 [CAP.
1752 231 1846 259 xxv.

540 337 814 374 obedienciam
841 340 924 374 Deo
948 351 1032 387 suo,
1068 348 1103 374 et
1126 338 1182 375 sic
1206 348 1262 375 est
1284 339 1452 385 invidus,
1482 339 1575 387 quia
1598 340 1745 375 nedum
1766 340 1848 375 vult

540 395 768 431 inordinate
801 396 950 432 malum
984 396 1166 443 proximo
1201 398 1268 433 sed
1302 397 1427 433 eciam
1462 397 1532 434 sibi
1568 396 1655 444 ipsi.

598 455 652 488 Ex
697 452 840 500 quibus
885 453 1065 501 sequitur
1110 456 1214 502 quod
1260 454 1489 490 inordinata
1540 454 1698 490 volucio
1744 453 1847 501 sapit

539 511 679 546 saltem
704 510 898 558 implicite
922 511 1192 560 iracundiam3
1221 511 1416 548 accidiam
1440 521 1598 559 oportet
1622 511 1846 547 necessario

538 567 678 612 inesse,
714 580 803 604 cum
838 581 910 616 pro
942 577 1124 617 tempore
1158 569 1311 617 peccati
1344 569 1508 617 negligit
1540 569 1578 604 in
1609 569 1745 605 divino
1768 572 1879 605 ser-5

537 625 639 662 vicio
674 626 909 673 mancipari.
955 627 1186 663 inordinata
1217 640 1310 663 vero
1343 627 1507 664 affeccio
1541 627 1634 663 boni
1668 640 1847 663 commu-

538 683 670 719 tabilis
703 683 856 720 inducit
890 684 1125 730 avariciam3
1173 694 1308 732 pastus
1350 685 1473 721 eciam
1509 698 1588 733 quo
1622 685 1756 721 anima
1789 685 1846 720 in-

538 741 762 788 gurgitatur
796 741 901 778 circa
932 742 1212 790 temporalium
1248 755 1426 779 amorem
1463 752 1599 779 causat
1628 743 1761 790 gulam
1797 744 1845 778 ad

538 812 658 847 quam
706 808 864 847 oportet
908 799 1154 848 spiritualem
1200 801 1394 837 luxuriam
1442 813 1529 837 cum
1565 801 1678 837 hoste
1711 800 1846 848 sponsi

539 857 703 893 ecclesie
728 857 912 894 comitari
937 866 972 894 et
995 857 1050 894 sic
1073 858 1192 906 primi
1216 867 1401 906 parentes
1432 867 1544 894 erant
1568 858 1679 894 omni
1701 870 1845 906 genere
1867 871 1904 891 10

537 924 793 962 peccatorum
829 915 985 952 irretiti.
1019 917 1100 952 Nec
1123 924 1282 964 oportet
1310 929 1381 953 nos
1405 916 1604 952 solicitam
1627 916 1715 964 quis
1738 924 1847 952 actus

537 974 667 1009 anime
699 974 773 1009 fuit
806 973 845 1009 in
868 973 923 1009 eis
946 973 1077 1021 primo
1107 973 1282 1017 illicitus,
1315 975 1382 1010 sed
1407 974 1501 1010 satis
1526 983 1583 1010 est
1610 974 1848 1022 generaliter

537 1031 695 1078 opinari
728 1033 835 1079 quod
869 1032 941 1067 fuit
974 1031 1138 1079 quidam
1178 1031 1428 1068 inordinatus
1467 1045 1581 1068 amor
1614 1033 1663 1068 ad
1697 1033 1846 1068 bonum

537 1089 836 1135 commutabile,
861 1098 904 1125 ut
927 1098 1022 1136 puta
1046 1091 1095 1125 ad
1119 1089 1321 1126 sciendum
1345 1091 1406 1126 vel
1430 1090 1667 1137 placendum
1692 1089 1848 1126 homini

537 1155 674 1183 contra
700 1149 837 1183 Deum.
874 1148 1004 1184 Credo
1027 1156 1163 1183 tamen
1187 1150 1294 1195 quod
1328 1157 1494 1196 uterque
1527 1160 1673 1195 parens
1707 1147 1847 1184 habuit
1869 1149 1902 1180 15

536 1204 734 1241 obiectum
771 1215 838 1241 aut
872 1207 979 1253 quod
1020 1206 1191 1241 errando
1236 1205 1340 1254 cepit
1385 1206 1638 1242 occasionem
1675 1207 1724 1241 ad
1757 1218 1845 1253 pec—

535 1265 722 1309 candum,
769 1272 805 1299 et
850 1265 957 1311 quod
1004 1262 1100 1299 illud
1146 1264 1347 1300 obiectum
1394 1276 1483 1300 cum
1517 1264 1609 1300 vicit
1642 1263 1845 1300 racionem

536 1320 746 1357 clariorem
781 1321 821 1357 in
854 1321 930 1357 illis
964 1334 1083 1369 quam
1118 1321 1196 1358 iam
1231 1330 1288 1358 est
1320 1321 1361 1357 in
1392 1321 1508 1358 nobis
1542 1322 1668 1357 multo
1702 1321 1847 1358 sorcius

536 1391 654 1426 quarn
702 1379 850 1426 posteri
895 1388 985 1415 sunt
1015 1378 1226 1427 'temptatig
1271 1388 1546 1416 verumtamen
1577 1375 1581 1431 l
1611 1388 1703 1416 ante
1736 1379 1845 1417 illam
1887 1381 1966 1420 234⁶

534 1437 846 1484 temptacionem
881 1438 1014 1485 quoad
1047 1437 1180 1473 ocium
1216 1437 1414 1485 culpabile
1438 1437 1511 1473 fuit
1535 1437 1589 1473 eis
1613 1437 1844 1473 facillimum
1865 1448 1906 1468 20

535 1494 746 1533 declinare.
791 1495 885 1531 Ideo
918 1507 1079 1531 necesse
1112 1495 1184 1532 fuit
1216 1507 1282 1531 eos
1314 1495 1445 1543 primo
1479 1507 1666 1543 peccasse
1701 1504 1846 1531 morta-

533 1551 633 1597 liter,
668 1565 756 1588 cum
791 1553 1030 1589 declinando
1064 1565 1085 1589 a
1121 1554 1309 1589 mandato
1343 1553 1547 1589 dominico
1584 1565 1744 1590 necesse
1776 1553 1849 1589 fuit

534 1611 643 1658 quod
687 1610 922 1647 defecissent
964 1623 986 1647 a
1030 1611 1176 1657 gracia.
1231 1613 1285 1646 Ex
1329 1611 1474 1659 quibus
1519 1611 1700 1659 sequitur
1738 1612 1847 1659 quod

534 1668 760 1704 necessitati
784 1678 895 1704 erant
919 1681 959 1705 se
974 1669 1176 1716 corrigere
1194 1668 1328 1705 divina
1352 1669 1583 1705 infiuencia.
1609 1671 1714 1705 Deus
1738 1669 1843 1705 enim

534 1734 590 1762 est
621 1726 685 1762 lux
718 1739 795 1774 que
828 1739 871 1762 ex
904 1739 945 1764 se
977 1739 1057 1762 non
1103 1735 1233 1774 potest
1276 1726 1472 1771 occidere,
1519 1729 1587 1763 sed
1621 1727 1846 1763 necessario
1864 1728 1903 1759 25

534 1783 700 1820 irradiat
744 1797 905 1821 omnem
952 1783 1156 1820 hominem
1204 1786 1422 1821 secundum
1463 1785 1522 1821 sui
1557 1784 1845 1832 capacitatem

534 1842 656 1878 homo
701 1841 823 1890 igitur
855 1854 1016 1879 aversus
1050 1855 1071 1878 a
1107 1844 1190 1878 Deo
1223 1842 1451 1879 necessario
1491 1842 1764 1890 indisponitur
1796 1844 1845 1878 ad

533 1899 807 1948 recipiendum
855 1902 903 1936 ab
950 1913 996 1937 eo
1029 1900 1264 1937 influencias
1298 1902 1428 1949 quoad
1470 1900 1647 1937 animum
1682 1909 1718 1936 et
1752 1913 1846 1936 con-

533 1966 746 2005 sequenter
779 1960 912 2006 quoad
946 1970 1086 1994 omnes
1120 1958 1217 1995 alias
1250 1958 1458 2006 potencias
1492 1958 1700 1995 animales.

591 2017 645 2051 Ex
678 2015 823 2064 quibus
856 2015 1037 2064 sequitur
1069 2018 1178 2064 quod
1211 2018 1261 2052 ob
1295 2017 1492 2053 defectum
1524 2015 1726 2064 regiminis
1760 2028 1845 2052 cor·
1886 2017 1916 2048 G

532 2073 641 2120 poris
674 2086 744 2121 per
777 2073 953 2110 animam
988 2075 1208 2111 secundum
1244 2074 1490 2111 armonicam
1518 2073 1843 2122 proposicionem

532 2143 650 2178 quam
677 2133 782 2168 Deus
809 2131 981 2168 instituit
1014 2131 1240 2168 necessitati
1274 2141 1365 2169 sunt
1400 2131 1516 2177 mori,
1552 2140 1588 2168 et
1621 2133 1843 2168 secundum

532 2201 692 2225 carnem
727 2189 860 2225 anime
893 2190 1099 2235 rebellare,
1133 2202 1227 2226 nam
1262 2190 1454 2226 discrasia
1482 2189 1762 2238 proporcionis
1785 2189 1844 2225 in-

532 2247 704 2292 ducitur,
740 2249 960 2283 secundum
990 2260 1110 2296 quam
1146 2248 1459 2296 proporcionem
1495 2256 1628 2296 partes
1662 2246 1844 2295 corporis

530 2304 775 2352 respicerent
799 2317 883 2342 sese
907 2314 943 2341 et
968 2306 1096 2342 celum
1120 2314 1163 2341 ut
1188 2305 1227 2342 in
1253 2318 1336 2342 esse
1358 2314 1552 2354 perpetuo
1576 2313 1841 2350 servarentur,
1862 2306 1900 2339 35

531 2370 568 2398 et
599 2363 658 2398 lex
691 2371 832 2399 nature
865 2363 1105 2407 dissolvitur,
1141 2365 1364 2400 secundum
1389 2377 1510 2412 quam
1536 2376 1682 2411 corpus
1712 2362 1844 2399 anime

531 2419 833 2467 inpeccabiliter
867 2420 1133 2467 ministraret3
1169 2430 1206 2457 et
1229 2422 1285 2458 sic
1308 2421 1487 2468 rebellio,
1522 2422 1649 2458 fomes
1672 2420 1842 2468 peccati,

529 2478 742 2526 corrupcio
787 2487 927 2515 nature
959 2479 1018 2515 vel
1052 2480 1420 2528 quomodocunque
1465 2479 1582 2515 aliter
1613 2478 1844 2515 nominetur

528 2535 691 2572 inducta
725 2545 794 2587 est,
836 2536 998 2573 racione
1033 2537 1144 2573 cuius
1177 2549 1339 2574 necesse
1373 2546 1430 2573 est
1464 2537 1640 2573 animam
1675 2536 1843 2572 deficere

528 2605 547 2628 a
572 2594 657 2641 lege
682 2593 885 2641 regiminis
910 2603 947 2631 et
970 2595 1158 2642 potencia
1182 2595 1255 2631 sibi
1280 2597 1374 2632 data
1397 2595 1588 2643 primarie
1617 2603 1660 2630 ut
1683 2593 1842 2642 corpori
1858 2605 1901 2634 40

527 2650 581 2686 sic
627 2651 819 2699 disposito
864 2652 1090 2689 necessario
1135 2653 1227 2689 insit
1266 2653 1503 2699 mortalitas,
1548 2665 1639 2689 nam
1675 2664 1841 2699 regnum

597 2785 636 2811 16.
652 2784 743 2819 quod.
759 2786 854 2813 Cod.:
869 2794 940 2821 quo.
1009 2795 1047 2820 17.
1061 2786 1120 2813 Hic
1135 2787 1221 2813 locus
1236 2790 1401 2821 corruptus
1414 2794 1479 2813 esse
1493 2786 1623 2813 videtur.
1692 2793 1731 2812 21.
1745 2785 1840 2812 Cod.:

526 2819 699 2847 declarare.
772 2828 819 2853 24.
842 2820 937 2848 Cod.:
959 2829 993 2847 se
1012 2823 1112 2854 deest3
1134 2821 1174 2848 ib.
1196 2822 1369 2853 corrigere.
1392 2821 1489 2849 Cod.:
1508 2827 1602 2848 corre.
1675 2818 1722 2853 39.
1745 2820 1838 2847 Cod.:

525 2853 652 2880 indicta.
724 2862 774 2887 40.
796 2856 932 2890 corpori.
954 2856 1049 2883 Cod.:
1071 2857 1151 2884 corri
1170 2856 1329 2890 disposita.
