<?xml version="1.0" encoding="UTF-8"?>
<!DOCTYPE html PUBLIC "-//W3C//DTD XHTML 1.0 Transitional//EN"
    "http://www.w3.org/TR/xhtml1/DTD/xhtml1-transitional.dtd">
<html xmlns="http://www.w3.org/1999/xhtml" xml:lang="en" lang="en">
 <head>
  <title>
</title>
<meta http-equiv="Content-Type" content="text/html;charset=utf-8" />
  <meta name='ocr-system' content='tesseract 3.04.00' />
  <meta name='ocr-capabilities' content='ocr_page ocr_carea ocr_par ocr_line ocrx_word'/>
</head>
<body>
  <div class='ocr_page' id='page_1' title='image "./decivilidominio04wycl_0146.png"; bbox 0 0 2050 3292; ppageno 0'>
   <div class='ocr_carea' id='block_1_1' title="bbox 191 219 1791 276">
    <p class='ocr_par' dir='ltr' id='par_1_1' title="bbox 191 219 1791 276">
     <span class='ocr_line' id='line_1_1' title="bbox 191 219 1791 276; baseline -0.011 0"><span class='ocrx_word' id='word_1_1' title='bbox 191 227 272 276; x_wconf 76' lang='grc'>496</span> <span class='ocrx_word' id='word_1_2' title='bbox 909 233 966 264; x_wconf 81' lang='lat' dir='ltr'>DE</span> <span class='ocrx_word' id='word_1_3' title='bbox 994 233 1130 264; x_wconf 66' lang='lat' dir='ltr'>civim</span> <span class='ocrx_word' id='word_1_4' title='bbox 1158 232 1366 264; x_wconf 57' lang='lat' dir='ltr'>nomino.</span> <span class='ocrx_word' id='word_1_5' title='bbox 1550 219 1661 274; x_wconf 70' lang='lat' dir='ltr'>[CAP.</span> <span class='ocrx_word' id='word_1_6' title='bbox 1683 227 1791 256; x_wconf 82' lang='lat' dir='ltr'>xxm.</span> 
     </span>
    </p>
   </div>
   <div class='ocr_carea' id='block_1_2' title="bbox 188 337 1842 676">
    <p class='ocr_par' dir='ltr' id='par_1_2' title="bbox 188 337 1842 676">
     <span class='ocr_line' id='line_1_2' title="bbox 480 337 1792 387; baseline -0.002 -12"><span class='ocrx_word' id='word_1_7' title='bbox 480 348 517 375; x_wconf 90' lang='lat' dir='ltr'>et</span> <span class='ocrx_word' id='word_1_8' title='bbox 549 339 773 387; x_wconf 87' lang='lat' dir='ltr'>ingressum</span> <span class='ocrx_word' id='word_1_9' title='bbox 807 338 846 374; x_wconf 88' lang='lat' dir='ltr'>in</span> <span class='ocrx_word' id='word_1_10' title='bbox 880 339 1096 387; x_wconf 81' lang='lat' dir='ltr'>templum3</span> <span class='ocrx_word' id='word_1_11' title='bbox 1142 337 1302 386; x_wconf 89' lang='lat' dir='ltr'>apercio</span> <span class='ocrx_word' id='word_1_12' title='bbox 1335 350 1427 375; x_wconf 87' lang='lat' dir='ltr'>vero</span> <span class='ocrx_word' id='word_1_13' title='bbox 1461 337 1623 374; x_wconf 79' lang='lat' dir='ltr'>claustri</span> <span class='ocrx_word' id='word_1_14' title='bbox 1656 349 1792 375; x_wconf 89' lang='lat' dir='ltr'>versus</span> 
     </span>
     <span class='ocr_line' id='line_1_3' title="bbox 480 395 1793 445; baseline -0.002 -12"><span class='ocrx_word' id='word_1_15' title='bbox 480 397 608 433; x_wconf 91' lang='lat' dir='ltr'>celum</span> <span class='ocrx_word' id='word_1_16' title='bbox 644 397 775 445; x_wconf 89' lang='lat' dir='ltr'>signat</span> <span class='ocrx_word' id='word_1_17' title='bbox 807 397 974 433; x_wconf 84' lang='lat' dir='ltr'>liberam</span> <span class='ocrx_word' id='word_1_18' title='bbox 1009 409 1147 433; x_wconf 90' lang='lat' dir='ltr'>eorum</span> <span class='ocrx_word' id='word_1_19' title='bbox 1182 395 1571 444; x_wconf 81' lang='lat' dir='ltr'>contemplacionem</span> <span class='ocrx_word' id='word_1_20' title='bbox 1607 404 1644 432; x_wconf 92' lang='lat' dir='ltr'>et</span> <span class='ocrx_word' id='word_1_21' title='bbox 1677 395 1793 432; x_wconf 84' lang='lat' dir='ltr'>affec-</span> 
     </span>
     <span class='ocr_line' id='line_1_4' title="bbox 480 452 1793 501; baseline -0.002 -10"><span class='ocrx_word' id='word_1_22' title='bbox 480 454 636 491; x_wconf 90' lang='lat' dir='ltr'>cionem</span> <span class='ocrx_word' id='word_1_23' title='bbox 683 454 902 500; x_wconf 84' lang='lat' dir='ltr'>celestium,</span> <span class='ocrx_word' id='word_1_24' title='bbox 949 454 1148 491; x_wconf 87' lang='lat' dir='ltr'>dormicio</span> <span class='ocrx_word' id='word_1_25' title='bbox 1180 467 1273 491; x_wconf 89' lang='lat' dir='ltr'>vero</span> <span class='ocrx_word' id='word_1_26' title='bbox 1318 454 1357 490; x_wconf 90' lang='lat' dir='ltr'>in</span> <span class='ocrx_word' id='word_1_27' title='bbox 1389 453 1563 491; x_wconf 84' lang='lat' dir='ltr'>vestibus</span> <span class='ocrx_word' id='word_1_28' title='bbox 1598 452 1793 501; x_wconf 84' lang='lat' dir='ltr'>calligatis</span> 
     </span>
     <span class='ocr_line' id='line_1_5' title="bbox 478 510 1793 561; baseline -0.002 -13"><span class='ocrx_word' id='word_1_29' title='bbox 478 512 609 560; x_wconf 86' lang='lat' dir='ltr'>signat</span> <span class='ocrx_word' id='word_1_30' title='bbox 654 512 891 549; x_wconf 82' lang='lat' dir='ltr'>memoriam</span> <span class='ocrx_word' id='word_1_31' title='bbox 937 513 1141 561; x_wconf 83' lang='lat' dir='ltr'>sepulture</span> <span class='ocrx_word' id='word_1_32' title='bbox 1187 521 1224 549; x_wconf 89' lang='lat' dir='ltr'>et</span> <span class='ocrx_word' id='word_1_33' title='bbox 1268 512 1324 549; x_wconf 85' lang='lat' dir='ltr'>sic</span> <span class='ocrx_word' id='word_1_34' title='bbox 1356 513 1404 548; x_wconf 92' lang='lat' dir='ltr'>de</span> <span class='ocrx_word' id='word_1_35' title='bbox 1444 511 1639 560; x_wconf 86' lang='lat' dir='ltr'>quotlibet</span> <span class='ocrx_word' id='word_1_36' title='bbox 1671 510 1793 559; x_wconf 85' lang='lat' dir='ltr'>signis</span> 
     </span>
     <span class='ocr_line' id='line_1_6' title="bbox 480 569 1826 618; baseline -0.002 -11"><span class='ocrx_word' id='word_1_37' title='bbox 480 570 683 618; x_wconf 79' lang='lat' dir='ltr'>religionis</span> <span class='ocrx_word' id='word_1_38' title='bbox 715 570 907 607; x_wconf 89' lang='lat' dir='ltr'>virtutum</span> <span class='ocrx_word' id='word_1_39' title='bbox 942 569 1112 610; x_wconf 86' lang='lat' dir='ltr'>indiciis.</span> <span class='ocrx_word' id='word_1_40' title='bbox 1810 572 1826 604; x_wconf 84' lang='lat'><strong>5</strong></span> 
     </span>
     <span class='ocr_line' id='line_1_7' title="bbox 188 626 1842 676; baseline -0.002 -11"><span class='ocrx_word' id='word_1_41' title='bbox 188 627 257 654; x_wconf 87' lang='lat' dir='ltr'>Too</span> <span class='ocrx_word' id='word_1_42' title='bbox 273 627 355 654; x_wconf 82' lang='lat' dir='ltr'>often</span> <span class='ocrx_word' id='word_1_43' title='bbox 371 626 458 654; x_wconf 83' lang='lat' dir='ltr'>these</span> <span class='ocrx_word' id='word_1_44' title='bbox 537 629 654 673; x_wconf 86' lang='lat' dir='ltr'>Quod</span> <span class='ocrx_word' id='word_1_45' title='bbox 687 628 717 664; x_wconf 92' lang='lat' dir='ltr'>si</span> <span class='ocrx_word' id='word_1_46' title='bbox 751 628 826 665; x_wconf 90' lang='lat' dir='ltr'>ista</span> <span class='ocrx_word' id='word_1_47' title='bbox 859 628 970 676; x_wconf 89' lang='lat' dir='ltr'>signa</span> <span class='ocrx_word' id='word_1_48' title='bbox 1003 637 1131 676; x_wconf 87' lang='lat' dir='ltr'>preter</span> <span class='ocrx_word' id='word_1_49' title='bbox 1163 627 1461 664; x_wconf 82' lang='lat' dir='ltr'>institucionem</span> <span class='ocrx_word' id='word_1_50' title='bbox 1485 626 1658 675; x_wconf 81' lang='lat' dir='ltr'>primam</span> <span class='ocrx_word' id='word_1_51' title='bbox 1685 638 1794 662; x_wconf 90' lang='lat' dir='ltr'>men-</span> <span class='ocrx_word' id='word_1_52' title='bbox 1832 629 1842 660; x_wconf 93' lang='lat'><em>1</em></span> 
     </span>
    </p>
   </div>
   <div class='ocr_carea' id='block_1_3' title="bbox 197 661 1795 735">
    <p class='ocr_par' dir='ltr' id='par_1_3' title="bbox 197 661 1795 735">
     <span class='ocr_line' id='line_1_8' title="bbox 197 661 1795 735; baseline -0.003 -12"><span class='ocrx_word' id='word_1_53' title='bbox 197 661 638 731; x_wconf 42' lang='lat' dir='ltr'>tilegnosppzciiigtgfciantur</span> <span class='ocrx_word' id='word_1_54' title='bbox 681 685 755 722; x_wconf 89' lang='lat' dir='ltr'>sibi</span> <span class='ocrx_word' id='word_1_55' title='bbox 800 695 966 734; x_wconf 88' lang='lat' dir='ltr'>propter</span> <span class='ocrx_word' id='word_1_56' title='bbox 1010 685 1263 735; x_wconf 88' lang='lat' dir='ltr'>iniquitatem</span> <span class='ocrx_word' id='word_1_57' title='bbox 1310 685 1539 734; x_wconf 88' lang='lat' dir='ltr'>oppositam</span> <span class='ocrx_word' id='word_1_58' title='bbox 1588 684 1643 721; x_wconf 89' lang='lat' dir='ltr'>ita</span> <span class='ocrx_word' id='word_1_59' title='bbox 1687 684 1795 733; x_wconf 91' lang='lat' dir='ltr'>quod</span> 
     </span>
    </p>
   </div>
   <div class='ocr_carea' id='block_1_4' title="bbox 240 731 1926 2422">
    <p class='ocr_par' dir='ltr' id='par_1_4' title="bbox 240 731 1926 2422">
     <span class='ocr_line' id='line_1_9' title="bbox 240 731 1793 794; baseline -0.001 -14"><span class='ocrx_word' id='word_1_60' title='bbox 240 731 413 794; x_wconf 42' lang='lat' dir='ltr'>wgthaotuffley</span> <span class='ocrx_word' id='word_1_61' title='bbox 480 756 628 780; x_wconf 90' lang='lat' dir='ltr'>corone</span> <span class='ocrx_word' id='word_1_62' title='bbox 686 743 848 780; x_wconf 89' lang='lat' dir='ltr'>nuditas</span> <span class='ocrx_word' id='word_1_63' title='bbox 912 744 1112 792; x_wconf 87' lang='lat' dir='ltr'>significet</span> <span class='ocrx_word' id='word_1_64' title='bbox 1171 743 1443 780; x_wconf 84' lang='lat' dir='ltr'>avidissimam</span> <span class='ocrx_word' id='word_1_65' title='bbox 1507 742 1793 791; x_wconf 81' lang='lat' dir='ltr'>temporalium</span> 
     </span>
     <span class='ocr_line' id='line_1_10' title="bbox 480 799 1794 850; baseline -0.002 -12"><span class='ocrx_word' id='word_1_66' title='bbox 480 801 740 838; x_wconf 86' lang='lat' dir='ltr'>affeccionem</span> <span class='ocrx_word' id='word_1_67' title='bbox 795 811 975 850; x_wconf 79' lang='lat' dir='ltr'>pretextu</span> <span class='ocrx_word' id='word_1_68' title='bbox 1027 801 1253 850; x_wconf 90' lang='lat' dir='ltr'>indigencie</span> <span class='ocrx_word' id='word_1_69' title='bbox 1305 801 1467 850; x_wconf 85' lang='lat' dir='ltr'>palliate</span> <span class='ocrx_word' id='word_1_70' title='bbox 1519 802 1591 837; x_wconf 89' lang='lat' dir='ltr'>sub</span> <span class='ocrx_word' id='word_1_71' title='bbox 1645 799 1794 837; x_wconf 86' lang='lat' dir='ltr'>circulo</span> 
     </span>
     <span class='ocr_line' id='line_1_11' title="bbox 480 857 1853 908; baseline -0.003 -12"><span class='ocrx_word' id='word_1_72' title='bbox 480 873 682 907; x_wconf 85' lang='lat' dir='ltr'>sensuum,</span> <span class='ocrx_word' id='word_1_73' title='bbox 731 860 904 908; x_wconf 90' lang='lat' dir='ltr'>pilorum</span> <span class='ocrx_word' id='word_1_74' title='bbox 940 860 1098 897; x_wconf 86' lang='lat' dir='ltr'>abrasio</span> <span class='ocrx_word' id='word_1_75' title='bbox 1131 859 1329 908; x_wconf 86' lang='lat' dir='ltr'>significet</span> <span class='ocrx_word' id='word_1_76' title='bbox 1360 859 1647 908; x_wconf 87' lang='lat' dir='ltr'>spoliacionem</span> <span class='ocrx_word' id='word_1_77' title='bbox 1682 857 1794 894; x_wconf 88' lang='lat' dir='ltr'>stric-</span> <span class='ocrx_word' id='word_1_78' title='bbox 1815 871 1853 892; x_wconf 93' lang='lat'>10</span> 
     </span>
     <span class='ocr_line' id='line_1_12' title="bbox 480 916 1796 964; baseline -0.001 -11"><span class='ocrx_word' id='word_1_79' title='bbox 480 917 674 954; x_wconf 85' lang='lat' dir='ltr'>tissimam</span> <span class='ocrx_word' id='word_1_80' title='bbox 722 918 988 964; x_wconf 87' lang='lat' dir='ltr'>subditorum,</span> <span class='ocrx_word' id='word_1_81' title='bbox 1035 930 1183 955; x_wconf 84' lang='lat' dir='ltr'>corona</span> <span class='ocrx_word' id='word_1_82' title='bbox 1225 930 1319 954; x_wconf 89' lang='lat' dir='ltr'>vero</span> <span class='ocrx_word' id='word_1_83' title='bbox 1365 930 1552 954; x_wconf 88' lang='lat' dir='ltr'>sensuum</span> <span class='ocrx_word' id='word_1_84' title='bbox 1598 916 1796 964; x_wconf 88' lang='lat' dir='ltr'>significet</span> 
     </span>
     <span class='ocr_line' id='line_1_13' title="bbox 479 973 1796 1024; baseline -0.001 -13"><span class='ocrx_word' id='word_1_85' title='bbox 479 976 701 1013; x_wconf 86' lang='lat' dir='ltr'>fastuosum</span> <span class='ocrx_word' id='word_1_86' title='bbox 736 989 783 1013; x_wconf 87' lang='lat' dir='ltr'>ac</span> <span class='ocrx_word' id='word_1_87' title='bbox 804 977 1089 1024; x_wconf 87' lang='lat' dir='ltr'>voluptuosum</span> <span class='ocrx_word' id='word_1_88' title='bbox 1124 976 1347 1012; x_wconf 88' lang='lat' dir='ltr'>fomentum</span> <span class='ocrx_word' id='word_1_89' title='bbox 1381 974 1566 1024; x_wconf 86' lang='lat' dir='ltr'>potencie</span> <span class='ocrx_word' id='word_1_90' title='bbox 1599 973 1796 1023; x_wconf 86' lang='lat' dir='ltr'>sensitive,</span> 
     </span>
     <span class='ocr_line' id='line_1_14' title="bbox 481 1033 1797 1082; baseline -0.002 -12"><span class='ocrx_word' id='word_1_91' title='bbox 481 1034 699 1070; x_wconf 87' lang='lat' dir='ltr'>claustrum</span> <span class='ocrx_word' id='word_1_92' title='bbox 745 1047 838 1071; x_wconf 89' lang='lat' dir='ltr'>vero</span> <span class='ocrx_word' id='word_1_93' title='bbox 886 1034 1148 1071; x_wconf 83' lang='lat' dir='ltr'>incastratum</span> <span class='ocrx_word' id='word_1_94' title='bbox 1201 1033 1398 1082; x_wconf 86' lang='lat' dir='ltr'>significet</span> <span class='ocrx_word' id='word_1_95' title='bbox 1450 1046 1611 1070; x_wconf 84' lang='lat' dir='ltr'>avaram</span> <span class='ocrx_word' id='word_1_96' title='bbox 1661 1033 1797 1069; x_wconf 90' lang='lat' dir='ltr'>deten-</span> 
     </span>
     <span class='ocr_line' id='line_1_15' title="bbox 482 1089 1919 1143; baseline -0.003 -15"><span class='ocrx_word' id='word_1_97' title='bbox 482 1091 637 1128; x_wconf 91' lang='lat' dir='ltr'>cionem</span> <span class='ocrx_word' id='word_1_98' title='bbox 685 1093 883 1128; x_wconf 88' lang='lat' dir='ltr'>bonorum</span> <span class='ocrx_word' id='word_1_99' title='bbox 918 1092 1219 1141; x_wconf 79' lang='lat' dir='ltr'>temporalium,</span> <span class='ocrx_word' id='word_1_100' title='bbox 1264 1091 1425 1140; x_wconf 87' lang='lat' dir='ltr'>apercio</span> <span class='ocrx_word' id='word_1_101' title='bbox 1455 1089 1459 1143; x_wconf 83' lang='lat' dir='ltr'>l</span> <span class='ocrx_word' id='word_1_102' title='bbox 1487 1103 1622 1128; x_wconf 81' lang='lat' dir='ltr'>versus</span> <span class='ocrx_word' id='word_1_103' title='bbox 1667 1090 1794 1127; x_wconf 86' lang='lat' dir='ltr'>celum</span> <span class='ocrx_word' id='word_1_104' title='bbox 1837 1091 1919 1124; x_wconf 79' lang='lat' dir='ltr'>201¹l</span> 
     </span>
     <span class='ocr_line' id='line_1_16' title="bbox 481 1147 1853 1198; baseline -0.001 -13"><span class='ocrx_word' id='word_1_105' title='bbox 481 1150 643 1198; x_wconf 85' lang='lat' dir='ltr'>hyatum</span> <span class='ocrx_word' id='word_1_106' title='bbox 689 1149 974 1198; x_wconf 85' lang='lat' dir='ltr'>temporalium</span> <span class='ocrx_word' id='word_1_107' title='bbox 1022 1152 1093 1187; x_wconf 90' lang='lat' dir='ltr'>sub</span> <span class='ocrx_word' id='word_1_108' title='bbox 1127 1149 1234 1198; x_wconf 89' lang='lat' dir='ltr'>palio</span> <span class='ocrx_word' id='word_1_109' title='bbox 1273 1149 1496 1186; x_wconf 85' lang='lat' dir='ltr'>sanctitatis</span> <span class='ocrx_word' id='word_1_110' title='bbox 1530 1158 1567 1185; x_wconf 90' lang='lat' dir='ltr'>et</span> <span class='ocrx_word' id='word_1_111' title='bbox 1600 1147 1853 1184; x_wconf 74' lang='lat' dir='ltr'>dormiciox5</span> 
     </span>
     <span class='ocr_line' id='line_1_17' title="bbox 481 1205 1797 1256; baseline -0.001 -13"><span class='ocrx_word' id='word_1_112' title='bbox 481 1207 521 1243; x_wconf 90' lang='lat' dir='ltr'>in</span> <span class='ocrx_word' id='word_1_113' title='bbox 554 1208 726 1244; x_wconf 84' lang='lat' dir='ltr'>vestibus</span> <span class='ocrx_word' id='word_1_114' title='bbox 761 1208 1058 1245; x_wconf 89' lang='lat' dir='ltr'>circumcinctis</span> <span class='ocrx_word' id='word_1_115' title='bbox 1103 1208 1302 1256; x_wconf 82' lang='lat' dir='ltr'>significet</span> <span class='ocrx_word' id='word_1_116' title='bbox 1335 1207 1567 1244; x_wconf 84' lang='lat' dir='ltr'>continuam</span> <span class='ocrx_word' id='word_1_117' title='bbox 1601 1205 1797 1255; x_wconf 88' lang='lat' dir='ltr'>prompti-</span> 
     </span>
     <span class='ocr_line' id='line_1_18' title="bbox 480 1263 1798 1315; baseline -0.002 -13"><span class='ocrx_word' id='word_1_118' title='bbox 480 1267 657 1302; x_wconf 89' lang='lat' dir='ltr'>tudinem</span> <span class='ocrx_word' id='word_1_119' title='bbox 693 1268 743 1303; x_wconf 87' lang='lat' dir='ltr'>ad</span> <span class='ocrx_word' id='word_1_120' title='bbox 781 1267 1051 1303; x_wconf 86' lang='lat' dir='ltr'>laborandum</span> <span class='ocrx_word' id='word_1_121' title='bbox 1086 1279 1159 1314; x_wconf 93' lang='lat' dir='ltr'>pro</span> <span class='ocrx_word' id='word_1_122' title='bbox 1198 1265 1489 1315; x_wconf 86' lang='lat' dir='ltr'>temporalibus</span> <span class='ocrx_word' id='word_1_123' title='bbox 1522 1263 1798 1314; x_wconf 89' lang='lat' dir='ltr'>perquirendis</span> 
     </span>
     <span class='ocr_line' id='line_1_19' title="bbox 482 1322 1797 1373; baseline -0.002 -13"><span class='ocrx_word' id='word_1_124' title='bbox 482 1332 519 1360; x_wconf 90' lang='lat' dir='ltr'>et</span> <span class='ocrx_word' id='word_1_125' title='bbox 563 1324 704 1361; x_wconf 90' lang='lat' dir='ltr'>ceteris</span> <span class='ocrx_word' id='word_1_126' title='bbox 748 1325 867 1372; x_wconf 88' lang='lat' dir='ltr'>signis</span> <span class='ocrx_word' id='word_1_127' title='bbox 913 1338 991 1373; x_wconf 90' lang='lat' dir='ltr'>que</span> <span class='ocrx_word' id='word_1_128' title='bbox 1034 1325 1140 1372; x_wconf 89' lang='lat' dir='ltr'>olym</span> <span class='ocrx_word' id='word_1_129' title='bbox 1185 1324 1346 1361; x_wconf 87' lang='lat' dir='ltr'>fuerunt</span> <span class='ocrx_word' id='word_1_130' title='bbox 1391 1323 1596 1371; x_wconf 79' lang='lat' dir='ltr'>religionis</span> <span class='ocrx_word' id='word_1_131' title='bbox 1629 1322 1797 1359; x_wconf 86' lang='lat' dir='ltr'>indicia:</span> 
     </span>
     <span class='ocr_line' id='line_1_20' title="bbox 482 1375 1798 1430; baseline -0.001 -13"><span class='ocrx_word' id='word_1_132' title='bbox 482 1382 577 1430; x_wconf 89' lang='lat' dir='ltr'>quid</span> <span class='ocrx_word' id='word_1_133' title='bbox 609 1381 826 1419; x_wconf 87' lang='lat' dir='ltr'>terribilius</span> <span class='ocrx_word' id='word_1_134' title='bbox 859 1375 1090 1419; x_wconf 89' lang='lat' dir='ltr'>huiusmodi</span> <span class='ocrx_word' id='word_1_135' title='bbox 1123 1381 1370 1419; x_wconf 88' lang='lat' dir='ltr'>Antichristo</span> <span class='ocrx_word' id='word_1_136' title='bbox 1408 1394 1545 1430; x_wconf 89' lang='lat' dir='ltr'>ymmo</span> <span class='ocrx_word' id='word_1_137' title='bbox 1584 1381 1670 1429; x_wconf 90' lang='lat' dir='ltr'>ipso</span> <span class='ocrx_word' id='word_1_138' title='bbox 1704 1382 1798 1427; x_wconf 90' lang='lat' dir='ltr'>dya-</span> 
     </span>
     <span class='ocr_line' id='line_1_21' title="bbox 482 1438 1857 1489; baseline -0.001 -14"><span class='ocrx_word' id='word_1_139' title='bbox 482 1440 574 1476; x_wconf 91' lang='lat' dir='ltr'>bolo</span> <span class='ocrx_word' id='word_1_140' title='bbox 608 1440 710 1477; x_wconf 85' lang='lat' dir='ltr'>inter</span> <span class='ocrx_word' id='word_1_141' title='bbox 742 1440 925 1478; x_wconf 91' lang='lat' dir='ltr'>homines</span> <span class='ocrx_word' id='word_1_142' title='bbox 958 1440 1133 1489; x_wconf 81' lang='lat' dir='ltr'>agitato?</span> <span class='ocrx_word' id='word_1_143' title='bbox 1177 1453 1248 1488; x_wconf 92' lang='lat' dir='ltr'>per</span> <span class='ocrx_word' id='word_1_144' title='bbox 1280 1440 1364 1477; x_wconf 88' lang='lat' dir='ltr'>eius</span> <span class='ocrx_word' id='word_1_145' title='bbox 1397 1438 1658 1476; x_wconf 88' lang='lat' dir='ltr'>interludium</span> <span class='ocrx_word' id='word_1_146' title='bbox 1693 1441 1799 1474; x_wconf 90' lang='lat' dir='ltr'>Deus</span> <span class='ocrx_word' id='word_1_147' title='bbox 1815 1449 1857 1470; x_wconf 80' lang='lat'>20</span> 
     </span>
     <span class='ocr_line' id='line_1_22' title="bbox 482 1496 1799 1547; baseline -0.002 -13"><span class='ocrx_word' id='word_1_148' title='bbox 482 1498 566 1546; x_wconf 89' lang='lat' dir='ltr'>ipse</span> <span class='ocrx_word' id='word_1_149' title='bbox 611 1499 704 1547; x_wconf 87' lang='lat' dir='ltr'>quia</span> <span class='ocrx_word' id='word_1_150' title='bbox 749 1512 820 1535; x_wconf 90' lang='lat' dir='ltr'>sua</span> <span class='ocrx_word' id='word_1_151' title='bbox 864 1498 1002 1546; x_wconf 85' lang='lat' dir='ltr'>religio</span> <span class='ocrx_word' id='word_1_152' title='bbox 1049 1498 1265 1545; x_wconf 86' lang='lat' dir='ltr'>deridetur,</span> <span class='ocrx_word' id='word_1_153' title='bbox 1313 1511 1405 1547; x_wconf 85' lang='lat' dir='ltr'>pars</span> <span class='ocrx_word' id='word_1_154' title='bbox 1437 1497 1602 1546; x_wconf 88' lang='lat' dir='ltr'>laycalis</span> <span class='ocrx_word' id='word_1_155' title='bbox 1635 1496 1799 1533; x_wconf 88' lang='lat' dir='ltr'>ecclesie</span> 
     </span>
     <span class='ocr_line' id='line_1_23' title="bbox 482 1555 1796 1605; baseline -0.002 -14"><span class='ocrx_word' id='word_1_156' title='bbox 482 1556 662 1592; x_wconf 88' lang='lat' dir='ltr'>illuditur</span> <span class='ocrx_word' id='word_1_157' title='bbox 686 1565 723 1593; x_wconf 92' lang='lat' dir='ltr'>et</span> <span class='ocrx_word' id='word_1_158' title='bbox 751 1557 863 1605; x_wconf 89' lang='lat' dir='ltr'>plebs</span> <span class='ocrx_word' id='word_1_159' title='bbox 886 1556 940 1593; x_wconf 91' lang='lat' dir='ltr'>eis</span> <span class='ocrx_word' id='word_1_160' title='bbox 963 1556 1142 1593; x_wconf 88' lang='lat' dir='ltr'>subiecta</span> <span class='ocrx_word' id='word_1_161' title='bbox 1165 1556 1296 1604; x_wconf 88' lang='lat' dir='ltr'>scopis</span> <span class='ocrx_word' id='word_1_162' title='bbox 1326 1555 1559 1604; x_wconf 87' lang='lat' dir='ltr'>asperrimis</span> <span class='ocrx_word' id='word_1_163' title='bbox 1582 1555 1796 1603; x_wconf 87' lang='lat' dir='ltr'>spoliatur;</span> 
     </span>
     <span class='ocr_line' id='line_1_24' title="bbox 482 1612 1797 1663; baseline -0.001 -14"><span class='ocrx_word' id='word_1_164' title='bbox 482 1615 591 1662; x_wconf 89' lang='lat' dir='ltr'>quod</span> <span class='ocrx_word' id='word_1_165' title='bbox 634 1616 781 1651; x_wconf 87' lang='lat' dir='ltr'>nedum</span> <span class='ocrx_word' id='word_1_166' title='bbox 828 1623 886 1651; x_wconf 91' lang='lat' dir='ltr'>est</span> <span class='ocrx_word' id='word_1_167' title='bbox 919 1623 1059 1651; x_wconf 88' lang='lat' dir='ltr'>contra</span> <span class='ocrx_word' id='word_1_168' title='bbox 1092 1614 1332 1663; x_wconf 85' lang='lat' dir='ltr'>scripturam</span> <span class='ocrx_word' id='word_1_169' title='bbox 1372 1627 1543 1661; x_wconf 81' lang='lat' dir='ltr'>sacram,</span> <span class='ocrx_word' id='word_1_170' title='bbox 1589 1614 1658 1650; x_wconf 88' lang='lat' dir='ltr'>sed</span> <span class='ocrx_word' id='word_1_171' title='bbox 1690 1612 1797 1661; x_wconf 89' lang='lat' dir='ltr'>ipsas</span> 
     </span>
     <span class='ocr_line' id='line_1_25' title="bbox 482 1671 1797 1721; baseline -0.002 -13"><span class='ocrx_word' id='word_1_172' title='bbox 482 1671 759 1719; x_wconf 87' lang='lat' dir='ltr'>religiosorum</span> <span class='ocrx_word' id='word_1_173' title='bbox 806 1673 963 1721; x_wconf 85' lang='lat' dir='ltr'>regulas</span> <span class='ocrx_word' id='word_1_174' title='bbox 996 1681 1033 1709; x_wconf 90' lang='lat' dir='ltr'>et</span> <span class='ocrx_word' id='word_1_175' title='bbox 1076 1685 1212 1709; x_wconf 88' lang='lat' dir='ltr'>sacros</span> <span class='ocrx_word' id='word_1_176' title='bbox 1258 1684 1443 1718; x_wconf 86' lang='lat' dir='ltr'>canones,</span> <span class='ocrx_word' id='word_1_177' title='bbox 1488 1680 1533 1708; x_wconf 92' lang='lat' dir='ltr'>ut</span> <span class='ocrx_word' id='word_1_178' title='bbox 1569 1679 1678 1720; x_wconf 86' lang='lat' dir='ltr'>patet</span> <span class='ocrx_word' id='word_1_179' title='bbox 1709 1671 1797 1706; x_wconf 91' lang='lat' dir='ltr'>XVI</span> 
     </span>
     <span class='ocr_line' id='line_1_26' title="bbox 483 1729 1854 1779; baseline -0.004 -13"><span class='ocrx_word' id='word_1_180' title='bbox 483 1730 729 1778; x_wconf 89' lang='lat' dir='ltr'>questionel</span> <span class='ocrx_word' id='word_1_181' title='bbox 764 1738 800 1767; x_wconf 90' lang='lat' dir='ltr'>et</span> <span class='ocrx_word' id='word_1_182' title='bbox 827 1732 874 1767; x_wconf 96' lang='lat' dir='ltr'>III</span> <span class='ocrx_word' id='word_1_183' title='bbox 910 1730 1169 1767; x_wconf 86' lang='lat' dir='ltr'>decretalium</span> <span class='ocrx_word' id='word_1_184' title='bbox 1203 1731 1331 1779; x_wconf 87' lang='lat' dir='ltr'>tytulo</span> <span class='ocrx_word' id='word_1_185' title='bbox 1363 1730 1506 1766; x_wconf 90' lang='lat' dir='ltr'>ultimo</span> <span class='ocrx_word' id='word_1_186' title='bbox 1539 1738 1577 1767; x_wconf 89' lang='lat' dir='ltr'>et</span> <span class='ocrx_word' id='word_1_187' title='bbox 1608 1729 1649 1765; x_wconf 87' lang='lat' dir='ltr'>in</span> <span class='ocrx_word' id='word_1_188' title='bbox 1682 1729 1798 1765; x_wconf 88' lang='lat' dir='ltr'>Sexto</span> <span class='ocrx_word' id='word_1_189' title='bbox 1815 1730 1854 1762; x_wconf 78' lang='lat'>25</span> 
     </span>
     <span class='ocr_line' id='line_1_27' title="bbox 483 1784 1798 1836; baseline -0.003 -12"><span class='ocrx_word' id='word_1_190' title='bbox 483 1788 585 1824; x_wconf 89' lang='lat' dir='ltr'>libro</span> <span class='ocrx_word' id='word_1_191' title='bbox 631 1790 679 1825; x_wconf 95' lang='lat' dir='ltr'>de</span> <span class='ocrx_word' id='word_1_192' title='bbox 724 1797 829 1825; x_wconf 85' lang='lat' dir='ltr'>statu</span> <span class='ocrx_word' id='word_1_193' title='bbox 875 1790 1165 1826; x_wconf 86' lang='lat' dir='ltr'>monachorum</span> <span class='ocrx_word' id='word_1_194' title='bbox 1202 1797 1239 1825; x_wconf 88' lang='lat' dir='ltr'>et</span> <span class='ocrx_word' id='word_1_195' title='bbox 1271 1788 1365 1825; x_wconf 87' lang='lat' dir='ltr'>alibi</span> <span class='ocrx_word' id='word_1_196' title='bbox 1404 1787 1499 1825; x_wconf 84' lang='lat' dir='ltr'>satis</span> <span class='ocrx_word' id='word_1_197' title='bbox 1532 1787 1705 1836; x_wconf 88' lang='lat' dir='ltr'>spissim.</span> <span class='ocrx_word' id='word_1_198' title='bbox 1759 1784 1798 1821; x_wconf 86' lang='lat' dir='ltr'>Si</span> 
     </span>
     <span class='ocr_line' id='line_1_28' title="bbox 484 1843 1799 1894; baseline -0.002 -12"><span class='ocrx_word' id='word_1_199' title='bbox 484 1859 576 1894; x_wconf 84' lang='lat' dir='ltr'>ergo</span> <span class='ocrx_word' id='word_1_200' title='bbox 610 1848 657 1883; x_wconf 87' lang='lat' dir='ltr'>de</span> <span class='ocrx_word' id='word_1_201' title='bbox 689 1847 795 1883; x_wconf 89' lang='lat' dir='ltr'>facto</span> <span class='ocrx_word' id='word_1_202' title='bbox 828 1847 961 1883; x_wconf 90' lang='lat' dir='ltr'>clerici</span> <span class='ocrx_word' id='word_1_203' title='bbox 985 1847 1184 1884; x_wconf 88' lang='lat' dir='ltr'>seculares</span> <span class='ocrx_word' id='word_1_204' title='bbox 1212 1846 1336 1884; x_wconf 90' lang='lat' dir='ltr'>amoti</span> <span class='ocrx_word' id='word_1_205' title='bbox 1359 1855 1450 1883; x_wconf 91' lang='lat' dir='ltr'>sunt</span> <span class='ocrx_word' id='word_1_206' title='bbox 1475 1847 1522 1883; x_wconf 91' lang='lat' dir='ltr'>de</span> <span class='ocrx_word' id='word_1_207' title='bbox 1547 1843 1799 1882; x_wconf 79' lang='lat' dir='ltr'>monasteriis</span> 
     </span>
     <span class='ocr_line' id='line_1_29' title="bbox 485 1902 1796 1954; baseline -0.002 -14"><span class='ocrx_word' id='word_1_208' title='bbox 485 1914 522 1940; x_wconf 87' lang='lat' dir='ltr'>et</span> <span class='ocrx_word' id='word_1_209' title='bbox 558 1904 745 1941; x_wconf 86' lang='lat' dir='ltr'>monachi</span> <span class='ocrx_word' id='word_1_210' title='bbox 768 1905 984 1942; x_wconf 86' lang='lat' dir='ltr'>introducti</span> <span class='ocrx_word' id='word_1_211' title='bbox 1008 1914 1173 1954; x_wconf 89' lang='lat' dir='ltr'>propter</span> <span class='ocrx_word' id='word_1_212' title='bbox 1196 1904 1437 1942; x_wconf 86' lang='lat' dir='ltr'>secularium</span> <span class='ocrx_word' id='word_1_213' title='bbox 1462 1902 1796 1951; x_wconf 75' lang='lat' dir='ltr'>irregularitatem</span> 
     </span>
     <span class='ocr_line' id='line_1_30' title="bbox 485 1960 1801 2010; baseline -0.002 -12"><span class='ocrx_word' id='word_1_214' title='bbox 485 1976 562 2010; x_wconf 85' lang='lat' dir='ltr'>qua</span> <span class='ocrx_word' id='word_1_215' title='bbox 615 1963 913 2000; x_wconf 88' lang='lat' dir='ltr'>declinaverunt</span> <span class='ocrx_word' id='word_1_216' title='bbox 946 1964 995 2000; x_wconf 86' lang='lat' dir='ltr'>ad</span> <span class='ocrx_word' id='word_1_217' title='bbox 1047 1964 1239 2010; x_wconf 79' lang='lat' dir='ltr'>seculum,</span> <span class='ocrx_word' id='word_1_218' title='bbox 1288 1970 1331 1999; x_wconf 93' lang='lat' dir='ltr'>ut</span> <span class='ocrx_word' id='word_1_219' title='bbox 1373 1970 1483 2010; x_wconf 88' lang='lat' dir='ltr'>patet</span> <span class='ocrx_word' id='word_1_220' title='bbox 1527 1962 1579 1997; x_wconf 86' lang='lat' dir='ltr'>VI</span> <span class='ocrx_word' id='word_1_221' title='bbox 1626 1960 1801 2009; x_wconf 87' lang='lat' dir='ltr'>capitulo</span> 
     </span>
     <span class='ocr_line' id='line_1_31' title="bbox 486 2019 1859 2069; baseline -0.002 -13"><span class='ocrx_word' id='word_1_222' title='bbox 486 2022 534 2056; x_wconf 87' lang='lat' dir='ltr'>IV</span> <span class='ocrx_word' id='word_1_223' title='bbox 566 2020 670 2066; x_wconf 88' lang='lat' dir='ltr'>libri,</span> <span class='ocrx_word' id='word_1_224' title='bbox 710 2030 862 2069; x_wconf 89' lang='lat' dir='ltr'>quanto</span> <span class='ocrx_word' id='word_1_225' title='bbox 896 2021 1023 2069; x_wconf 88' lang='lat' dir='ltr'>magis</span> <span class='ocrx_word' id='word_1_226' title='bbox 1057 2022 1289 2058; x_wconf 85' lang='lat' dir='ltr'>claustrales</span> <span class='ocrx_word' id='word_1_227' title='bbox 1327 2023 1400 2057; x_wconf 91' lang='lat' dir='ltr'>sub</span> <span class='ocrx_word' id='word_1_228' title='bbox 1433 2019 1681 2068; x_wconf 89' lang='lat' dir='ltr'>professione</span> <span class='ocrx_word' id='word_1_229' title='bbox 1713 2030 1799 2067; x_wconf 88' lang='lat' dir='ltr'>pre·</span> <span class='ocrx_word' id='word_1_230' title='bbox 1818 2021 1859 2054; x_wconf 81' lang='lat'>30</span> 
     </span>
     <span class='ocr_line' id='line_1_32' title="bbox 486 2075 1800 2128; baseline -0.002 -14"><span class='ocrx_word' id='word_1_231' title='bbox 486 2087 596 2115; x_wconf 88' lang='lat' dir='ltr'>tense</span> <span class='ocrx_word' id='word_1_232' title='bbox 629 2078 834 2126; x_wconf 84' lang='lat' dir='ltr'>religionis</span> <span class='ocrx_word' id='word_1_233' title='bbox 867 2078 1121 2128; x_wconf 89' lang='lat' dir='ltr'>iniquitatem</span> <span class='ocrx_word' id='word_1_234' title='bbox 1147 2078 1387 2116; x_wconf 88' lang='lat' dir='ltr'>secularium</span> <span class='ocrx_word' id='word_1_235' title='bbox 1413 2091 1457 2115; x_wconf 82' lang='lat' dir='ltr'>ex</span> <span class='ocrx_word' id='word_1_236' title='bbox 1479 2077 1653 2126; x_wconf 81' lang='lat' dir='ltr'>ypocrisi</span> <span class='ocrx_word' id='word_1_237' title='bbox 1677 2075 1800 2125; x_wconf 86' lang='lat' dir='ltr'>gemi-</span> 
     </span>
     <span class='ocr_line' id='line_1_33' title="bbox 487 2134 1801 2185; baseline -0.002 -13"><span class='ocrx_word' id='word_1_238' title='bbox 487 2145 628 2173; x_wconf 90' lang='lat' dir='ltr'>nantes</span> <span class='ocrx_word' id='word_1_239' title='bbox 663 2137 771 2185; x_wconf 85' lang='lat' dir='ltr'>digni</span> <span class='ocrx_word' id='word_1_240' title='bbox 796 2146 887 2174; x_wconf 88' lang='lat' dir='ltr'>sunt</span> <span class='ocrx_word' id='word_1_241' title='bbox 911 2139 960 2173; x_wconf 90' lang='lat' dir='ltr'>ab</span> <span class='ocrx_word' id='word_1_242' title='bbox 985 2137 1215 2174; x_wconf 90' lang='lat' dir='ltr'>elemosinis</span> <span class='ocrx_word' id='word_1_243' title='bbox 1239 2136 1409 2174; x_wconf 88' lang='lat' dir='ltr'>seculari</span> <span class='ocrx_word' id='word_1_244' title='bbox 1432 2135 1611 2184; x_wconf 84' lang='lat' dir='ltr'>spoliari,</span> <span class='ocrx_word' id='word_1_245' title='bbox 1646 2134 1801 2171; x_wconf 87' lang='lat' dir='ltr'>dicente</span> 
     </span>
     <span class='ocr_line' id='line_1_34' title="bbox 488 2193 1800 2232; baseline -0.002 -2"><span class='ocrx_word' id='word_1_246' title='bbox 488 2195 677 2231; x_wconf 85' lang='lat' dir='ltr'>decretali</span> <span class='ocrx_word' id='word_1_247' title='bbox 711 2195 750 2231; x_wconf 91' lang='lat' dir='ltr'>in</span> <span class='ocrx_word' id='word_1_248' title='bbox 780 2196 831 2231; x_wconf 95' lang='grc' dir='ltr'>ΙΙΙ</span> <span class='ocrx_word' id='word_1_249' title='bbox 865 2195 967 2232; x_wconf 90' lang='lat' dir='ltr'>libro</span> <span class='ocrx_word' id='word_1_250' title='bbox 999 2197 1047 2232; x_wconf 90' lang='lat' dir='ltr'>de</span> <span class='ocrx_word' id='word_1_251' title='bbox 1081 2195 1235 2232; x_wconf 85' lang='lat' dir='ltr'>clericis</span> <span class='ocrx_word' id='word_1_252' title='bbox 1267 2196 1325 2231; x_wconf 88' lang='lat' dir='ltr'>vel</span> <span class='ocrx_word' id='word_1_253' title='bbox 1361 2193 1587 2231; x_wconf 86' lang='lat' dir='ltr'>monachis:</span> <span class='ocrx_word' id='word_1_254' title='bbox 1621 2193 1800 2229; x_wconf 82' lang='lat' dir='ltr'>Relatum</span> 
     </span>
     <span class='ocr_line' id='line_1_35' title="bbox 488 2251 1802 2301; baseline -0.002 -13"><span class='ocrx_word' id='word_1_255' title='bbox 488 2260 542 2289; x_wconf 82' lang='lat' dir='ltr'>est</span> <span class='ocrx_word' id='word_1_256' title='bbox 586 2253 688 2301; x_wconf 82' lang='lat' dir='ltr'>quod</span> <span class='ocrx_word' id='word_1_257' title='bbox 731 2254 911 2289; x_wconf 76' lang='lat' dir='ltr'>monachi</span> <span class='ocrx_word' id='word_1_258' title='bbox 954 2254 999 2290; x_wconf 85' lang='lat' dir='ltr'>de</span> <span class='ocrx_word' id='word_1_259' title='bbox 1030 2254 1083 2290; x_wconf 90' lang='lat' dir='ltr'>H.</span> <span class='ocrx_word' id='word_1_260' title='bbox 1115 2254 1347 2290; x_wconf 76' lang='lat' dir='ltr'>seculariter</span> <span class='ocrx_word' id='word_1_261' title='bbox 1379 2253 1510 2289; x_wconf 74' lang='lat' dir='ltr'>vivunt</span> <span class='ocrx_word' id='word_1_262' title='bbox 1541 2259 1576 2288; x_wconf 84' lang='lat' dir='ltr'>et</span> <span class='ocrx_word' id='word_1_263' title='bbox 1607 2251 1704 2287; x_wconf 82' lang='lat' dir='ltr'>alios</span> <span class='ocrx_word' id='word_1_264' title='bbox 1734 2262 1802 2286; x_wconf 78' lang='lat' dir='ltr'>suo</span> 
     </span>
     <span class='ocr_line' id='line_1_36' title="bbox 490 2308 1859 2361; baseline -0.003 -15"><span class='ocrx_word' id='word_1_265' title='bbox 490 2312 669 2360; x_wconf 80' lang='lat' dir='ltr'>exemplo</span> <span class='ocrx_word' id='word_1_266' title='bbox 713 2319 981 2361; x_wconf 81' lang='lat' dir='ltr'>corrumpunt,</span> <span class='ocrx_word' id='word_1_267' title='bbox 1025 2312 1115 2348; x_wconf 80' lang='lat' dir='ltr'>Ideo</span> <span class='ocrx_word' id='word_1_268' title='bbox 1160 2312 1392 2347; x_wconf 83' lang='lat' dir='ltr'>mandamus</span> <span class='ocrx_word' id='word_1_269' title='bbox 1433 2318 1620 2360; x_wconf 81' lang='lat' dir='ltr'>quatenus</span> <span class='ocrx_word' id='word_1_270' title='bbox 1657 2321 1720 2345; x_wconf 80' lang='lat' dir='ltr'>eos</span> <span class='ocrx_word' id='word_1_271' title='bbox 1753 2308 1804 2343; x_wconf 86' lang='lat' dir='ltr'>ad</span> <span class='ocrx_word' id='word_1_272' title='bbox 1820 2309 1859 2343; x_wconf 79' lang='lat'>35</span> 
     </span>
     <span class='ocr_line' id='line_1_37' title="bbox 489 2365 1926 2422; baseline -0.003 -18"><span class='ocrx_word' id='word_1_273' title='bbox 489 2370 628 2419; x_wconf 79' lang='lat' dir='ltr'>regule</span> <span class='ocrx_word' id='word_1_274' title='bbox 670 2369 962 2406; x_wconf 75' lang='lat' dir='ltr'>observanciam</span> <span class='ocrx_word' id='word_1_275' title='bbox 1007 2370 1218 2419; x_wconf 82' lang='lat' dir='ltr'>apostolice</span> <span class='ocrx_word' id='word_1_276' title='bbox 1262 2369 1393 2406; x_wconf 78' lang='lat' dir='ltr'>redire</span> <span class='ocrx_word' id='word_1_277' title='bbox 1420 2365 1423 2422; x_wconf 85' lang='grc' dir='ltr'>Ι</span> <span class='ocrx_word' id='word_1_278' title='bbox 1454 2368 1663 2418; x_wconf 80' lang='lat' dir='ltr'>compellas</span> <span class='ocrx_word' id='word_1_279' title='bbox 1707 2373 1742 2402; x_wconf 88' lang='lat' dir='ltr'>et</span> <span class='ocrx_word' id='word_1_280' title='bbox 1772 2366 1806 2402; x_wconf 82' lang='lat' dir='ltr'>si</span> <span class='ocrx_word' id='word_1_281' title='bbox 1845 2372 1926 2401; x_wconf 67' lang='lat'>202⁸</span> 
     </span>
    </p>
   </div>
   <div class='ocr_carea' id='block_1_5' title="bbox 491 2535 1805 2609">
    <p class='ocr_par' dir='ltr' id='par_1_5' title="bbox 491 2535 1805 2609">
     <span class='ocr_line' id='line_1_38' title="bbox 560 2535 1805 2574; baseline -0.002 -9"><span class='ocrx_word' id='word_1_282' title='bbox 560 2547 586 2574; x_wconf 89' lang='lat'>7.</span> <span class='ocrx_word' id='word_1_283' title='bbox 616 2539 711 2566; x_wconf 88' lang='lat' dir='ltr'>Cod.:</span> <span class='ocrx_word' id='word_1_284' title='bbox 742 2540 922 2574; x_wconf 79' lang='lat' dir='ltr'>oppositum.</span> <span class='ocrx_word' id='word_1_285' title='bbox 1012 2547 1057 2574; x_wconf 88' lang='lat'>27.</span> <span class='ocrx_word' id='word_1_286' title='bbox 1086 2539 1191 2566; x_wconf 78' lang='lat' dir='ltr'>amoti.</span> <span class='ocrx_word' id='word_1_287' title='bbox 1222 2539 1316 2566; x_wconf 87' lang='lat' dir='ltr'>Cod.:</span> <span class='ocrx_word' id='word_1_288' title='bbox 1348 2538 1536 2565; x_wconf 64' lang='lat' dir='ltr'>ammonitt.&gt;</span> <span class='ocrx_word' id='word_1_289' title='bbox 1608 2536 1655 2564; x_wconf 81' lang='lat'>36.</span> <span class='ocrx_word' id='word_1_290' title='bbox 1686 2535 1805 2572; x_wconf 75' lang='lat' dir='ltr'>regule.</span> 
     </span>
     <span class='ocr_line' id='line_1_39' title="bbox 491 2572 764 2609; baseline 0.007 -10"><span class='ocrx_word' id='word_1_291' title='bbox 491 2572 586 2600; x_wconf 78' lang='lat' dir='ltr'>Cod.:</span> <span class='ocrx_word' id='word_1_292' title='bbox 610 2574 764 2609; x_wconf 77' lang='lat' dir='ltr'>regulam.</span> 
     </span>
    </p>
   </div>
   <div class='ocr_carea' id='block_1_6' title="bbox 492 2655 1807 2793">
    <p class='ocr_par' dir='ltr' id='par_1_6' title="bbox 492 2655 1807 2793">
     <span class='ocr_line' id='line_1_40' title="bbox 563 2655 1805 2699; baseline -0.002 -11"><span class='ocrx_word' id='word_1_293' title='bbox 563 2666 615 2697; x_wconf 88' lang='lat'>24.</span> <span class='ocrx_word' id='word_1_294' title='bbox 642 2657 714 2698; x_wconf 87' lang='lat' dir='ltr'>Cap</span> <span class='ocrx_word' id='word_1_295' title='bbox 751 2658 794 2688; x_wconf 92' lang='lat' dir='ltr'>XI</span> <span class='ocrx_word' id='word_1_296' title='bbox 829 2664 862 2689; x_wconf 91' lang='lat' dir='ltr'>et</span> <span class='ocrx_word' id='word_1_297' title='bbox 893 2667 996 2699; x_wconf 87' lang='lat' dir='ltr'>saepe</span> <span class='ocrx_word' id='word_1_298' title='bbox 1022 2657 1101 2689; x_wconf 86' lang='lat' dir='ltr'>alibi</span> <span class='ocrx_word' id='word_1_299' title='bbox 1128 2658 1166 2689; x_wconf 86' lang='lat' dir='ltr'>X.·</span> <span class='ocrx_word' id='word_1_300' title='bbox 1265 2658 1318 2690; x_wconf 84' lang='lat'>25.</span> <span class='ocrx_word' id='word_1_301' title='bbox 1344 2657 1463 2688; x_wconf 85' lang='lat' dir='ltr'>Titulo</span> <span class='ocrx_word' id='word_1_302' title='bbox 1489 2656 1625 2697; x_wconf 88' lang='lat' dir='ltr'>ultimo,</span> <span class='ocrx_word' id='word_1_303' title='bbox 1659 2656 1678 2687; x_wconf 87' lang='lat' dir='ltr'>i.</span> <span class='ocrx_word' id='word_1_304' title='bbox 1707 2665 1735 2687; x_wconf 90' lang='lat' dir='ltr'>e.</span> <span class='ocrx_word' id='word_1_305' title='bbox 1763 2655 1805 2686; x_wconf 90' lang='lat' dir='ltr'>de</span> 
     </span>
     <span class='ocr_line' id='line_1_41' title="bbox 493 2701 1804 2744; baseline -0.001 -11"><span class='ocrx_word' id='word_1_306' title='bbox 493 2703 787 2735; x_wconf 87' lang='lat' dir='ltr'>Consecracione.</span> <span class='ocrx_word' id='word_1_307' title='bbox 883 2703 935 2736; x_wconf 82' lang='lat'>26.</span> <span class='ocrx_word' id='word_1_308' title='bbox 969 2705 1018 2735; x_wconf 88' lang='lat' dir='ltr'>De</span> <span class='ocrx_word' id='word_1_309' title='bbox 1051 2710 1141 2735; x_wconf 84' lang='lat' dir='ltr'>statu</span> <span class='ocrx_word' id='word_1_310' title='bbox 1174 2703 1436 2742; x_wconf 85' lang='lat' dir='ltr'>monachorum,</span> <span class='ocrx_word' id='word_1_311' title='bbox 1475 2703 1495 2735; x_wconf 94' lang='lat' dir='ltr'>i.</span> <span class='ocrx_word' id='word_1_312' title='bbox 1529 2713 1558 2734; x_wconf 93' lang='lat' dir='ltr'>e.</span> <span class='ocrx_word' id='word_1_313' title='bbox 1590 2701 1804 2744; x_wconf 86' lang='lat' dir='ltr'>regularium</span> 
     </span>
     <span class='ocr_line' id='line_1_42' title="bbox 492 2748 1807 2793; baseline -0.002 -13"><span class='ocrx_word' id='word_1_314' title='bbox 492 2749 546 2792; x_wconf 85' lang='lat'>111,</span> <span class='ocrx_word' id='word_1_315' title='bbox 572 2750 661 2781; x_wconf 89' lang='lat' dir='ltr'><strong>XVI.</strong></span> <span class='ocrx_word' id='word_1_316' title='bbox 759 2759 813 2792; x_wconf 81' lang='lat'>29.</span> <span class='ocrx_word' id='word_1_317' title='bbox 839 2750 890 2781; x_wconf 89' lang='lat' dir='ltr'>De</span> <span class='ocrx_word' id='word_1_318' title='bbox 917 2750 1016 2781; x_wconf 85' lang='lat' dir='ltr'>Civili</span> <span class='ocrx_word' id='word_1_319' title='bbox 1044 2750 1209 2781; x_wconf 85' lang='lat' dir='ltr'>Dominio</span> <span class='ocrx_word' id='word_1_320' title='bbox 1236 2750 1273 2790; x_wconf 82' lang='grc' dir='ltr'>ΙΙ,</span> <span class='ocrx_word' id='word_1_321' title='bbox 1301 2760 1375 2792; x_wconf 88' lang='lat' dir='ltr'>cap.</span> <span class='ocrx_word' id='word_1_322' title='bbox 1393 2750 1448 2793; x_wconf 75' lang='lat' dir='ltr'>VI,</span> <span class='ocrx_word' id='word_1_323' title='bbox 1475 2759 1551 2791; x_wconf 84' lang='lat' dir='ltr'>pag.</span> <span class='ocrx_word' id='word_1_324' title='bbox 1569 2758 1624 2789; x_wconf 88' lang='lat'>47.</span> <span class='ocrx_word' id='word_1_325' title='bbox 1652 2748 1729 2779; x_wconf 89' lang='lat' dir='ltr'>Non</span> <span class='ocrx_word' id='word_1_326' title='bbox 1756 2753 1807 2778; x_wconf 84' lang='lat' dir='ltr'>est</span> 
     </span>
    </p>
   </div>
   <div class='ocr_carea' id='block_1_7' title="bbox 493 2794 1805 2884">
    <p class='ocr_par' dir='ltr' id='par_1_7' title="bbox 493 2794 1805 2884">
     <span class='ocr_line' id='line_1_43' title="bbox 493 2794 1805 2838; baseline -0.002 -12"><span class='ocrx_word' id='word_1_327' title='bbox 493 2796 544 2826; x_wconf 88' lang='lat' dir='ltr'>De</span> <span class='ocrx_word' id='word_1_328' title='bbox 578 2796 725 2827; x_wconf 85' lang='lat' dir='ltr'>Consec.</span> <span class='ocrx_word' id='word_1_329' title='bbox 760 2797 827 2827; x_wconf 77' lang='lat' dir='ltr'>dist</span> <span class='ocrx_word' id='word_1_330' title='bbox 869 2796 907 2837; x_wconf 87' lang='grc' dir='ltr'>ΙΙ,</span> <span class='ocrx_word' id='word_1_331' title='bbox 945 2807 1019 2838; x_wconf 83' lang='lat' dir='ltr'>cap.</span> <span class='ocrx_word' id='word_1_332' title='bbox 1052 2797 1106 2835; x_wconf 76' lang='lat' dir='ltr'>XI,</span> <span class='ocrx_word' id='word_1_333' title='bbox 1145 2797 1204 2827; x_wconf 84' lang='lat' dir='ltr'>sed</span> <span class='ocrx_word' id='word_1_334' title='bbox 1245 2797 1379 2828; x_wconf 83' lang='lat' dir='ltr'>Decret.</span> <span class='ocrx_word' id='word_1_335' title='bbox 1416 2796 1521 2837; x_wconf 84' lang='lat' dir='ltr'>Greg.</span> <span class='ocrx_word' id='word_1_336' title='bbox 1563 2794 1618 2834; x_wconf 91' lang='lat' dir='ltr'>IX,</span> <span class='ocrx_word' id='word_1_337' title='bbox 1657 2794 1715 2825; x_wconf 85' lang='lat' dir='ltr'>lib.</span> <span class='ocrx_word' id='word_1_338' title='bbox 1754 2794 1805 2833; x_wconf 92' lang='grc' dir='ltr'>ΙΙΙ,</span> 
     </span>
     <span class='ocr_line' id='line_1_44' title="bbox 493 2842 799 2884; baseline 0.003 -12"><span class='ocrx_word' id='word_1_339' title='bbox 493 2842 543 2872; x_wconf 90' lang='lat' dir='ltr'>tit.</span> <span class='ocrx_word' id='word_1_340' title='bbox 569 2844 608 2879; x_wconf 90' lang='lat' dir='ltr'>L,</span> <span class='ocrx_word' id='word_1_341' title='bbox 636 2853 709 2884; x_wconf 86' lang='lat' dir='ltr'>cap.</span> <span class='ocrx_word' id='word_1_342' title='bbox 730 2843 799 2873; x_wconf 77' lang='lat' dir='ltr'>VII.</span> 
     </span>
    </p>
   </div>
  </div>
 </body>
</html>
