2050 3292
246 215 334 243 CAP.
356 204 484 258 xxm]
710 214 843 245 LlssER
869 212 1076 245 TERTius.

247 322 393 359 decidit
426 335 448 358 a
480 334 551 357 suo
583 319 716 357 officio
750 328 786 356 et
819 318 995 367 adquirit
1027 319 1154 355 solum
1189 319 1330 354 falsum
1362 325 1398 353 et
1421 316 1549 353 nomi-

134 388 209 429 199⁰
245 389 410 417 netenus
452 387 679 427 pretensum
717 375 720 429 Ι
756 376 992 423 dominium,
1046 376 1199 413 dicente
1247 377 1406 411 decreto
1450 376 1547 419 XXI,

246 437 452 487 questione
485 439 533 473 III
572 436 719 472 Credo:
762 435 1034 484 Apostolorum
1076 441 1219 470 statuta
1262 440 1350 469 sunt
1385 444 1457 481 que
1495 432 1550 467 di-

247 504 354 532 cunt:
385 496 507 531 Nemo
530 494 699 530 militans
721 493 805 529 Deo
828 492 997 542 implicat
1027 504 1067 528 se
1099 491 1268 541 negociis
1298 489 1550 535 secularibus,

215 553 409 603 §proinde
458 560 524 588 aut
574 551 706 587 clerici
745 551 820 586 sint
861 550 942 586 sine
984 549 1194 586 actionibus
1238 549 1441 584 domorum
1486 554 1552 582 aut

246 619 399 647 actores
441 610 521 646 sine
564 608 691 658 officio
735 608 978 644 clericorum.
1023 607 1117 642 Vult
1155 606 1287 643 dicere
1320 606 1427 654 quod
1459 603 1550 641 talis

249 668 422 705 militans
455 676 492 703 et
525 666 737 703 solicitudo
770 673 965 713 repugnat
998 663 1217 701 clericatui.

304 727 417 762 Unde
448 724 674 761 Jeronimus
713 724 763 759 ad
796 723 1030 759 Eliodorum
1070 723 1118 758 de
1155 730 1281 758 morte
1313 718 1550 768 Nepociani:

248 784 344 819 Sunt
375 782 508 819 clerici
538 782 601 830 qui
631 781 779 817 addunt
810 793 1005 816 nummum
1046 792 1198 816 nummo
1237 786 1271 815 et
1311 777 1550 826 marsupium

196 856 233 877 10
246 842 474 890 suffocantes
496 847 764 875 matronarum
787 851 856 888 ope
879 846 1066 874 venantur
1087 837 1273 886 obsequiis
1305 844 1340 872 et
1371 834 1553 884 incipiunt

249 899 413 935 dicz‘ores
444 910 523 934 esse
555 897 687 933 clerici
715 909 827 945 quam
873 903 985 932 erant
1022 896 1238 939 seculares;
1280 902 1315 930 et
1353 893 1553 942 possident

248 969 338 1006 opes
368 957 435 992 sub
464 967 636 1004 paupere
655 955 809 990 Christo
832 966 925 1003 quas
956 954 1024 990 Sub
1057 953 1245 1002 locuplete
1276 951 1448 1003 dyabolo
1481 963 1552 986 non

249 1015 465 1051 habuerunt
495 1021 530 1049 et
560 1012 729 1061 suspiret
761 1025 825 1048 eos
856 1012 1013 1048 ecclesia
1047 1011 1183 1047 divites
1214 1022 1307 1059 quos
1329 1009 1446 1045 tenuit
1468 1014 1555 1044 ante

249 1073 413 1108 mundus
444 1070 650 1107 mendicos.
684 1072 731 1106 Et
763 1069 893 1117 prima
925 1069 956 1105 si
990 1070 1039 1105 ad
1073 1068 1303 1105 clericatum
1328 1065 1554 1115 perveneris

199 1135 232 1166 15
249 1142 387 1166 eorum
433 1138 582 1166 sectare
615 1127 778 1175 vestigia
823 1140 923 1175 quos
966 1126 1242 1164 sacerdocium
1288 1133 1324 1161 et
1358 1135 1553 1172 pauperes

248 1187 340 1224 fecit
374 1196 410 1223 et
434 1186 677 1224 humiliores.
711 1185 892 1233 Intelligo
917 1194 1050 1221 autem
1075 1186 1242 1221 abusum
1267 1181 1551 1230 temporalium

250 1258 293 1282 ex
326 1244 555 1282 curiositate
588 1245 953 1292 quomodocunque
986 1242 1072 1290 quis
1116 1240 1315 1278 consumit
1360 1241 1406 1276 de
1440 1238 1554 1275 bonis

251 1302 428 1346 ecclesie,
472 1302 675 1350 superflua
709 1301 865 1337 edificia
905 1301 1187 1343 construendo,
1233 1306 1463 1345 tegumenta
1494 1297 1555 1332 vel

250 1368 488 1397 ornamenta
535 1360 738 1407 superflua
795 1358 1087 1395 adinveniendo
1131 1358 1191 1393 vel
1236 1355 1385 1392 cibaria
1436 1353 1554 1390 nimis

196 1434 237 1455 20
253 1418 422 1455 delicata
446 1426 609 1465 propter
628 1416 774 1453 ventris
808 1415 1022 1463 ingluviem
1058 1414 1356 1452 commiscendo
1391 1421 1427 1448 et
1458 1424 1554 1448 voco

251 1488 410 1513 omnem
444 1476 609 1523 gradum
643 1475 891 1522 superfluum
925 1473 991 1522 qui
1024 1486 1103 1510 non
1136 1481 1195 1509 est
1226 1470 1473 1508 necessarius
1506 1470 1556 1505 ad

252 1533 537 1571 beatitudinem
559 1532 869 1581 adquirendam;
903 1544 976 1568 nec
998 1532 1108 1567 fallat
1130 1543 1202 1567 nos
1225 1530 1301 1566 ista
1324 1529 1556 1577 gulosorum

136 1594 213 1639 199⁶1
251 1591 432 1639 argucia:
466 1593 570 1627 Deus
603 1590 802 1626 ordinavit
831 1587 835 1639 Ι
864 1589 959 1626 talia
992 1588 1141 1625 cibaria
1176 1597 1219 1624 ut
1251 1588 1433 1631 edantur,
1468 1585 1556 1621 ideo

251 1649 343 1686 licet
374 1649 489 1685 nobis
512 1648 750 1684 habentibus
774 1649 823 1683 ad
846 1647 931 1695 ipsa
955 1647 995 1682 in
1018 1646 1116 1682 facie
1141 1645 1306 1682 ecclesie
1329 1652 1555 1692 pretensam

194 1706 449 1743 25iusticiam
484 1718 720 1743 consumere
759 1705 845 1753 ipsa
878 1706 927 1741 ad
960 1704 1133 1742 libitum.
1188 1705 1388 1739 Debemus
1428 1700 1558 1748 primo

251 1764 401 1813 placari
446 1763 607 1812 capitali
652 1763 829 1807 domino,
876 1775 924 1798 ne
970 1774 1013 1798 ex
1046 1763 1172 1798 abusu
1209 1762 1400 1797 cadamus
1433 1771 1455 1794 a
1488 1759 1558 1793 do-

254 1822 388 1860 minio.
436 1823 620 1859 Secundo
654 1823 845 1857 debemus
878 1829 1017 1856 notare
1051 1820 1248 1855 defectum
1284 1819 1557 1854 membrorum

252 1880 484 1916 universalis
530 1879 707 1925 ecclesie,
753 1879 957 1926 quomodo
992 1889 1034 1913 ex
1068 1877 1243 1925 qualibet
1282 1873 1559 1921 castrimargia

254 1937 468 1975 commissa
500 1937 540 1973 in
563 1937 705 1984 Anglia
739 1936 951 1972 iniuriatur
985 1935 1147 1971 cuilibet
1181 1935 1362 1970 membro
1395 1930 1560 1968 ecclesie

198 2002 238 2033 30
255 2008 377 2044 egeno
431 1995 556 2032 eciam
609 1994 777 2039 invidia3
832 1992 1022 2029 discrasia
1075 1992 1179 2029 enim
1227 1991 1344 2027 unius
1390 1988 1560 2026 membri

254 2053 418 2090 ecclesie
462 2052 556 2088 facit
599 2052 791 2088 influxum
838 2051 878 2087 in
921 2063 1177 2099 quocumque
1218 2050 1398 2085 membro
1430 2046 1560 2083 viante

255 2112 342 2159 plus
395 2110 579 2155 debilem,
634 2109 861 2158 ubicunque
913 2117 1108 2145 terrarum
1157 2107 1276 2143 fuerit
1322 2105 1399 2142 nisi
1444 2112 1562 2152 caput

256 2168 418 2205 ecclesie
452 2176 782 2216 supereroganter
815 2176 851 2202 et
882 2165 1060 2213 graciose
1094 2166 1260 2214 expleat.

316 2227 427 2263 Unde
472 2227 661 2261 debemus
705 2224 829 2261 tercio
865 2236 1013 2269 cavere,
1060 2236 1108 2260 ne
1154 2236 1198 2261 ex
1242 2220 1475 2259 curiositate
1507 2219 1563 2255 fa-

201 2289 239 2321 35
258 2284 409 2320 ciamus
442 2282 546 2319 intra
579 2296 723 2331 corpus
755 2282 814 2319 vel
853 2290 961 2318 extra
992 2281 1159 2318 viciosas
1193 2278 1333 2317 cibarii
1372 2277 1563 2314 commix-

257 2351 366 2377 turas
390 2342 457 2377 sed
480 2340 631 2389 precise
655 2349 848 2389 quantum
874 2349 910 2376 et
934 2339 1106 2387 qualiter
1130 2346 1289 2375 movent
1312 2337 1362 2373 ad
1385 2334 1562 2372 divinum

258 2399 434 2435 officium
470 2400 757 2446 peragendum.

328 2636 352 2663 5.
378 2639 442 2663 aut.
470 2635 564 2663 Cod.:
592 2638 691 2662 aulem
718 2634 916 2662 clerici'sunt
938 2633 1001 2660 sive
1026 2632 1191 2659 actoribuS.
1271 2630 1299 2656 6.
1322 2629 1416 2657 Cod.:
1442 2628 1510 2656 sine
1535 2628 1565 2654 in

260 2670 375 2707 officio.
448 2671 474 2697 8.
491 2670 586 2697 Cod.:
602 2670 639 2696 cie
653 2670 769 2696 morbo.
844 2676 884 2695 10.
900 2676 966 2703 ope.
985 2667 1079 2694 Cod.:
1096 2666 1183 2701 tipes.
1256 2664 1293 2692 13.
1311 2664 1404 2691 Cod.:
1419 2671 1470 2690 sus
1493 2663 1565 2690 irat.

261 2714 303 2739 14.
324 2708 352 2732 el
368 2705 489 2740 prima;
508 2704 548 2731 ita
568 2704 635 2732 cod.
709 2703 753 2731 23.
774 2703 916 2730 edantur.
938 2702 1032 2730 Cod.:
1053 2701 1156 2728 edant.
1240 2698 1283 2727 35.
1305 2698 1401 2726 Cod.:
1424 2671 1521 2733 insta.

333 2800 362 2832 3.
389 2800 471 2841 Cap.
500 2800 536 2830 ΙΙ.
632 2809 662 2841 9.
690 2799 780 2840 Opp.
808 2805 890 2829 tom.
917 2797 939 2837 Ι,
967 2806 1043 2838 pag.
1072 2805 1123 2838 29.

1751 211 1827 248 491

1628 1186 1735 1212 Abuse
1759 1186 1793 1212 of

1620 1220 1789 1254 temporals

1581 1255 1825 1292 through—being

1586 1291 1770 1317 overcbolce
1790 1289 1820 1315 in

1582 1326 1670 1352 dress
1691 1333 1727 1351 or
1747 1324 1829 1351 socd.
