2050 3292
209 239 296 286 406

226 2035 292 2062 The
312 2035 483 2062 individual

254 2075 336 2097 must
362 2070 438 2096 have

242 2106 346 2138 things
367 2106 400 2131 of
418 2104 465 2131 his

239 2148 320 2171 own,
343 2140 368 2166 if
388 2140 407 2165 it
429 2140 454 2166 is

278 2175 350 2209 only
379 2174 426 2200 his

260 2210 362 2242 lunbs,
384 2209 443 2236 and

267 2244 367 2277 things
389 2252 439 2270 are

277 2279 421 2314 specially

221 2313 364 2349 assigned
386 2317 415 2340 to
438 2313 484 2340 his

320 2356 384 2375 use.

935 245 993 276 DE
1023 244 1158 275 mvndi
1185 244 1395 275 DOMINio.
1620 230 1727 284 [CAP.
1750 240 1804 267 xx

501 361 686 389 manente
727 351 959 399 superstite3
1007 363 1087 387 non
1129 349 1233 385 enim
1277 357 1334 386 est
1373 349 1478 386 idem
1520 348 1743 385 dominium
1779 348 1816 384 in

498 424 668 447 numero
703 409 1014 457 multiplicatum
1048 407 1275 444 formaliter
1298 419 1370 455 per
1393 406 1613 455 quemlibet
1637 419 1790 452 eorum,
1814 403 1816 458 ξ

499 468 592 517 quia
616 478 711 504 tunc
736 466 1016 504 denominaret
1048 465 1271 502 formaliter
1304 465 1501 513 quotlibet
1536 477 1693 510 eorum3
1728 477 1817 500 cum

499 526 602 562 enim
638 539 773 562 servus
808 534 845 562 et
879 524 1065 561 dominus
1098 524 1286 560 dicuntur
1320 524 1369 559 ad
1399 522 1564 571 aliquid,
1598 522 1700 558 sicut
1722 523 1819 559 tales

500 584 812 621 communitates
845 584 994 619 habent
1028 583 1175 618 multos
1209 593 1355 627 servos,
1389 581 1444 617 sic
1478 580 1646 628 quilibet
1678 592 1818 617 eorum

500 644 620 679 habet
653 641 894 680 dominium.

559 703 668 743 Item,
703 701 808 736 bona
840 708 922 734 tam
958 697 1230 734 ecclesiastica
1265 709 1386 746 quarn
1421 696 1618 733 secularia
1652 704 1820 743 possunt

499 758 752 806 appropriari
798 755 974 804 collegiis
1008 755 1259 799 clericorum,
1300 763 1343 790 ut
1381 763 1521 791 notum
1556 762 1614 790 est
1647 755 1819 797 mundo;

499 817 567 853 sed
608 828 653 852 eo
694 815 781 863 ipso
822 827 902 862 quo
943 813 1259 862 appropriantur
1298 813 1403 848 facta
1444 821 1535 848 sunt
1569 811 1623 847 eis
1655 811 1820 859 propria

500 882 536 910 et
576 886 645 921 per
684 884 934 920 consequens
973 873 1120 908 habent
1154 883 1199 907 ea
1233 870 1418 919 propria3
1460 883 1553 918 ergo
1593 870 1820 906 sacerdotes

500 931 729 968 huiusmodi
774 939 945 978 possunt
990 942 1080 966 cum
1132 942 1201 965 sua
1250 927 1443 976 religione
1487 927 1583 964 talia
1628 929 1735 963 bona
1781 927 1821 963 in

500 989 678 1040 propria,
714 1002 803 1025 cum
838 988 961 1036 igitur
994 987 1161 1036 quilibet
1195 986 1425 1022 huiusmodi
1459 985 1668 1033 religiosus
1701 986 1821 1021 habet

500 1047 732 1084 huiusmodi
756 1048 859 1083 bona
883 1058 926 1082 ex
950 1046 986 1081 vi
1012 1044 1323 1089 communionis,
1358 1043 1540 1092 sequitur
1573 1044 1679 1091 quod
1704 1052 1820 1091 quot—

500 1106 597 1142 libet
632 1118 771 1141 eorum
807 1105 927 1140 habet
961 1104 1046 1151 ipsa
1081 1102 1155 1139 sibi
1189 1111 1232 1138 ut
1266 1101 1440 1150 propria.
1476 1101 1516 1138 Si
1550 1101 1656 1137 enim
1691 1102 1820 1137 habeo

500 1163 693 1211 legittime
727 1171 764 1199 et
796 1161 964 1210 pacifice
988 1161 1155 1197 tutelam
1180 1160 1361 1196 omnium
1386 1160 1447 1196 vel
1480 1159 1633 1207 aliquid
1666 1159 1820 1205 usibile,

499 1230 594 1257 tunc
647 1221 746 1257 illud
797 1219 998 1268 possideo,
1044 1228 1081 1255 et
1113 1231 1183 1267 per
1229 1230 1478 1265 consequens
1531 1217 1629 1253 illud
1675 1226 1731 1253 est
1775 1219 1822 1253 de

501 1279 754 1328 possessione
794 1291 884 1315 mea
923 1286 960 1313 et
999 1289 1070 1325 per
1105 1288 1355 1325 consequens
1388 1276 1486 1311 illud
1526 1284 1582 1311 est
1617 1287 1751 1311 meum
1785 1284 1821 1311 et

503 1338 593 1383 mei,
639 1346 682 1373 ut
726 1344 925 1373 noverunt
983 1334 1237 1383 grammatici
1291 1334 1451 1381 exlege
1504 1333 1822 1370 construccionis

501 1394 758 1444 possessorie.
812 1394 935 1430 Aliter
975 1394 1079 1429 enim
1113 1394 1217 1429 foret
1255 1392 1466 1440 religiosus
1500 1391 1821 1439 possessionatus

502 1453 712 1502 inprovide
752 1453 874 1489 fratre
913 1451 1143 1500 pauperior,
1192 1450 1223 1487 si
1266 1463 1346 1487 non
1384 1451 1549 1486 haberet
1581 1449 1822 1497 temporalia

503 1521 545 1548 ut
578 1512 781 1548 inturbate
834 1509 978 1546 serviat
1012 1512 1096 1545 Deo
1130 1521 1222 1553 suo;
1264 1510 1313 1545 ad
1352 1507 1449 1556 quid
1485 1506 1613 1557 (rogo)
1645 1507 1822 1543 valerent

503 1571 568 1606 ille
601 1568 958 1617 appropriaciones
992 1577 1029 1604 et
1063 1567 1279 1603 elemosine
1320 1567 1422 1603 facte
1462 1564 1756 1610 claustralibus,
1792 1565 1822 1602 si

503 1628 636 1664 nullus
660 1640 799 1664 eorum
825 1627 967 1662 debeat
991 1627 1137 1662 habere
1161 1634 1317 1672 partem
1352 1624 1515 1660 earum?
1549 1626 1630 1660 Nec
1656 1623 1820 1659 dubium

503 1686 599 1734 quin
622 1685 654 1721 si
678 1687 762 1733 quis
792 1685 938 1721 habeat
962 1683 1114 1731 aliquid
1137 1691 1329 1731 tanquam
1355 1695 1470 1718 suum
1505 1682 1581 1718 hoc
1616 1691 1673 1717 est
1706 1693 1821 1716 suum

502 1743 725 1792 proprium,
761 1751 797 1779 et
829 1754 900 1790 per
934 1754 1199 1790 consequens,
1235 1741 1265 1777 si
1289 1741 1380 1776 licet
1410 1739 1597 1787 religioso
1621 1738 1824 1775 claustrali

504 1800 704 1839 dominari
739 1800 919 1846 civiliter,
960 1799 1053 1836 licet
1092 1799 1166 1836 sibi
1199 1799 1301 1835 sicut
1351 1799 1494 1834 habere
1533 1797 1588 1833 sic
1622 1796 1823 1834 dominari

503 1861 543 1897 in
575 1858 761 1908 proprio,
795 1859 902 1894 unde
936 1857 1149 1906 dupliciter
1183 1856 1330 1893 dicitur
1364 1855 1452 1904 quis
1477 1857 1623 1892 habere
1647 1856 1751 1891 bona
1784 1855 1825 1891 in

504 1917 681 1967 proprio,
707 1916 859 1953 scilicet
882 1916 922 1952 in
946 1916 1111 1964 proprio
1136 1927 1304 1963 persone
1328 1923 1395 1950 aut
1412 1913 1574 1961 proprio
1599 1913 1822 1950 communi-

503 1976 609 2015 tatis,

563 2034 749 2070 Secundo
785 2034 906 2069 modo
947 2032 1039 2068 licet
1068 2027 1072 2084 Ι
1102 2030 1383 2068 claustralibus
1416 2029 1723 2078 possessionatis
1757 2031 1824 2066 ha-

504 2094 595 2129 bere
644 2091 769 2127 multa
813 2091 853 2126 in
887 2090 1051 2138 proprio
1091 2088 1408 2134 communitatis,
1455 2100 1536 2124 non
1575 2088 1615 2124 in
1660 2087 1824 2136 proprio

505 2162 687 2198 persone.
740 2150 818 2185 Sed
852 2156 1006 2184 constat
1038 2147 1174 2196 laycis,
1208 2147 1239 2184 si
1272 2147 1416 2195 aliquis
1450 2145 1674 2183 claustralis
1708 2147 1824 2182 habet

505 2208 722 2256 quicquam
762 2207 802 2243 in
840 2206 1020 2254 proprio,
1059 2214 1155 2242 tunc
1190 2206 1308 2242 habet
1347 2205 1446 2241 illud
1478 2204 1518 2241 in
1551 2204 1716 2253 proprio
1750 2203 1823 2240 sibi

506 2275 543 2302 et
565 2266 682 2302 sicin
706 2265 870 2313 proprio
896 2276 1085 2312 persone;
1120 2277 1200 2300 non
1234 2263 1340 2300 enim
1375 2262 1520 2299 dicitur
1553 2262 1707 2311 aliquid
1741 2274 1824 2299 esse

503 2324 573 2360 tali
607 2322 794 2371 religioso
828 2322 1051 2370 proprium,
1086 2322 1162 2358 nisi
1195 2330 1359 2369 propter
1392 2334 1522 2364 usum,
1557 2320 1822 2356 ministerium
1866 2321 1880 2351 5

505 2382 565 2418 vel
598 2381 716 2417 aliam
758 2380 1034 2416 habitudinem
1091 2393 1210 2428 quam
1252 2393 1355 2416 unus
1406 2378 1665 2427 appropriate
1706 2379 1825 2414 habet

505 2452 626 2487 supra
659 2438 878 2487 reliquum;
921 2451 1009 2475 cum
1051 2438 1157 2474 enim
1191 2437 1332 2475 odiunt
1369 2436 1547 2485 religiosi
1581 2436 1713 2473 dicere
1747 2435 1824 2472 alia

506 2505 563 2534 est
601 2510 684 2541 sua,
732 2497 833 2533 sicut
877 2496 1021 2541 dicere,
1071 2496 1148 2532 alia
1182 2505 1238 2532 est
1272 2495 1326 2532 eis
1359 2494 1538 2543 propria,
1572 2494 1680 2530 iuxta
1713 2494 1821 2530 illam

506 2555 724 2592 radicalem
759 2554 962 2601 religionis
996 2554 1196 2602 regulam:
1243 2554 1323 2590 Nec
1354 2553 1555 2602 quisquam
1590 2565 1722 2588 eorum
1755 2564 1826 2601 qne

1870 413 1946 447 163‘1

1841 883 1878 902 10

1843 1162 1878 1193 15

1841 1741 1880 1773 25

1841 2322 1856 2352 υ.)

1871 2030 1944 2069 164n

500 2613 738 2662 possidebat,
782 2612 927 2661 aliquid
970 2624 1079 2648 suum
1126 2624 1206 2648 esse
1250 2612 1419 2647 dicebat:
1463 2610 1551 2647 ideo
1596 2622 1676 2646 non
1708 2609 1824 2645 video
1854 2612 1879 2641 B

576 2790 608 2809 11.
627 2784 777 2816 possunt,·
797 2789 855 2808 sc.:
879 2781 1002 2809 habere.
1079 2781 1123 2814 28,
1146 2788 1190 2815 29.
1212 2780 1304 2808 Cod.:
1328 2779 1546 2807 communitati.

577 2855 627 2896 39.
656 2855 730 2885 Act.
757 2853 813 2895 IV,
843 2854 894 2886 32.
