2050 3292
249 219 336 247 CAP.
358 206 469 263 XXII]
718 218 851 249 LIBER
877 217 1085 248 TERTIUS.
1757 216 1837 254 459

249 326 349 363 iuste
382 333 552 373 occupat
585 323 774 372 quicquid
808 324 925 359 habet
959 330 995 359 et
1017 334 1087 370 per
1110 333 1357 370 consequens
1380 320 1552 369 pertinet

251 386 299 421 ad
344 383 446 431 regis
491 382 667 419 officium
715 382 761 417 de
805 379 1091 429 temporalibus
1135 379 1244 427 regni
1289 379 1348 415 sui
1396 377 1550 414 iusticie

251 442 604 489 complementum.

184 503 210 533 D
308 500 421 536 Unde
453 497 642 534 Ysidorus
663 498 696 532 V
728 495 969 543 Ethirnolog.
1004 494 1179 542 capitulo
1202 495 1340 531 XXIII:
1375 495 1463 540 Res,
1497 493 1555 529 in-

219 557 349 605 5quit,
381 569 403 592 a
436 563 537 592 recte
563 554 809 604 possidendo,
842 553 898 589 ius
921 565 942 588 α
965 553 1060 588 iuste
1076 552 1333 601 possidendoe
1364 552 1435 587 lzoc
1457 550 1554 586 enim

251 615 332 650 inre
349 613 572 663 possidetur
594 613 694 661 quod
716 618 831 660 recte,
864 611 935 646 lzoc
958 618 1060 647 recte
1084 610 1187 659 quod
1218 609 1325 656 iuste,
1358 609 1429 645 hoc
1461 608 1557 644 iuste

251 673 351 721 quod
374 672 484 717 hene;
515 671 616 719 quod
636 677 762 705 autem
787 668 887 704 male
902 668 1136 717 possidetur,
1159 667 1323 703 alienum
1352 673 1419 703 est.
1452 665 1558 702 Male

251 737 377 766 autem
405 729 589 778 possidet,
630 728 692 776 qui
724 727 783 763 vel
812 726 891 762 suis
922 727 1022 762 male
1053 725 1175 761 utitur
1208 725 1268 760 vel
1311 724 1434 760 aliena
1463 735 1554 773 pre-

138 786 214 820 185d
252 788 378 834 sumit,
419 787 591 835 possidet
634 792 758 821 autem
804 784 899 820 iuste
936 784 1000 832 qui
1035 795 1107 819 non
1152 782 1272 819 utitur
1299 779 1303 834 Ι
1332 781 1557 831 cupiditate5

201 845 315 894 loqui
356 851 480 880 autem
525 843 731 893 cupiditate
773 849 922 878 tenetur·
950 853 1150 890 possessus
1186 848 1242 876 est
1278 847 1317 875 ut
1341 851 1556 889 possessor.

254 905 308 939 Ex
359 914 437 950 qua
488 900 692 938 sentencia
745 900 844 936 bene
894 899 1038 935 rimata
1083 897 1206 935 videri
1250 897 1397 945 poterit
1449 897 1556 944 quod
1606 904 1672 932 The
1694 908 1810 941 grener

254 960 410 1007 piorum
443 958 671 1009 principum
704 958 805 994 foret
849 956 975 993 maior
1007 969 1098 1004 pars
1129 955 1424 1003 possessionum
1459 966 1556 1002 quas
1606 940 1819 1001 enggivtrrcignts

255 1019 380 1054 clerus
414 1019 571 1053 dotatus
603 1023 787 1063 occupat,
820 1015 851 1050 si
885 1027 973 1051 cum
1007 1013 1169 1062 paribus
1185 1012 1339 1049 iusticia
1364 1011 1555 1049 canonica
1585 1008 1847 1070 forsfffiffddtgessm

255 1074 385 1112 debite
417 1074 534 1111 fuerit
567 1082 741 1110 executa.
796 1075 896 1109 Nam
931 1071 1060 1108 omnis
1094 1071 1259 1108 clericus
1299 1071 1386 1118 plus
1419 1081 1557 1106 amans
1672 1077 1762 1104 rulcr.

203 1132 492 1180 15te1nporalia
524 1145 643 1180 quam
677 1130 925 1179 paeienciam
958 1130 1018 1166 veI
1051 1129 1169 1165 aliam
1203 1128 1388 1165 virtutem
1419 1139 1559 1175 quam-

256 1203 411 1239 cunque
443 1190 483 1225 in
516 1202 556 1225 se
588 1190 647 1225 vel
680 1189 827 1236 populo
857 1196 899 1223 ut
921 1187 976 1224 sic
1000 1186 1108 1223 cadit
1131 1188 1179 1223 ab
1204 1198 1340 1222 eorum
1367 1184 1558 1227 dominio,

255 1248 354 1284 sicut
386 1247 515 1284 omnis
539 1246 745 1295 religiosus
768 1245 901 1282 vivens
930 1244 1162 1282 seculariter
1185 1243 1251 1292 qui
1275 1244 1334 1279 vel
1357 1243 1561 1291 querendo

255 1307 315 1342 vel
348 1306 565 1342 mercando
604 1304 786 1340 innititur
824 1303 930 1350 turpi
963 1303 1087 1348 lucro,
1126 1310 1170 1338 ut
1207 1310 1316 1349 patet
1349 1302 1395 1337 III
1430 1301 1562 1336 decre-

256 1363 395 1400 talium
430 1363 470 1399 in
504 1363 592 1400 fine.
628 1364 695 1398 Est
729 1370 861 1398 autern
895 1361 1050 1396 lucrum
1083 1359 1202 1396 nimis
1234 1368 1349 1407 turpe
1373 1357 1561 1394 clericum

201 1435 242 1456 20
258 1422 304 1457 de
338 1420 452 1457 bonis
485 1432 705 1468 pauperum
740 1418 969 1467 perquirere
1008 1417 1082 1454 sibi
1120 1417 1298 1453 redditus
1331 1429 1400 1464 per
1432 1428 1472 1451 se
1504 1415 1564 1451 veI

258 1479 369 1515 alios.
416 1480 463 1514 Et
508 1478 612 1514 istud
656 1486 699 1513 ut
731 1477 886 1513 videtur
927 1475 1047 1512 michi
1086 1474 1258 1523 pertinet
1297 1475 1346 1510 ad
1380 1472 1564 1509 dominos

259 1537 467 1581 discutere,
513 1548 600 1571 cum
636 1536 784 1571 habent
815 1536 919 1571 bona
952 1533 1020 1570 illa
1053 1533 1235 1581 dirigere,
1276 1540 1312 1568 et
1343 1531 1374 1568 si
1407 1538 1566 1579 oportet

260 1594 421 1630 racione
455 1592 635 1641 capitalis
656 1592 821 1629 dominii
854 1592 1070 1639 pugnando
1105 1591 1328 1627 defendere.
1362 1590 1421 1625 Ad
1455 1587 1564 1637 quid⁷

261 1664 394 1700 queso,
431 1651 577 1687 diceret
601 1663 729 1687 canon
752 1651 841 1686 XVI
864 1648 1072 1697 questione
1095 1649 1163 1684 VII
1177 1647 1300 1693 Filiis,
1335 1648 1442 1694 quod
1475 1654 1565 1694 post

204 1714 243 1745 25
261 1709 454 1745 desidiam
489 1708 665 1756 episcopi
700 1717 736 1744 et
771 1706 1071 1754 metropolitani
1095 1706 1135 1741 in
1160 1704 1415 1752 corripiendo
1438 1716 1568 1740 sacer-

261 1769 391 1804 dotem
437 1775 629 1814 patronus
675 1765 865 1813 conqueri
910 1766 1025 1800 debet
1070 1763 1164 1811 regi,
1217 1762 1292 1799 nisi
1344 1764 1393 1798 ad
1436 1774 1566 1809 regern

261 1824 478 1872 pertineret
520 1825 648 1872 ipsum
691 1822 917 1870 corripere?
978 1823 1039 1857 Ad
1083 1820 1177 1869 quid
1229 1820 1378 1857 diceret
1429 1821 1568 1855 beatus

260 1882 483 1918 Jeronimus
505 1894 623 1929 super
645 1880 857 1917 Jeremiarn
882 1879 980 1915 illud
1004 1878 1176 1927 positum
1201 1877 1242 1914 in
1261 1877 1430 1914 decretis
1447 1877 1570 1912 XXIII

262 1939 469 1988 questione
491 1941 536 1986 V,
570 1948 612 1975 ut
645 1938 752 1986 tetigi
769 1938 947 1986 proximo
981 1937 1173 1984 capitulo:
1226 1937 1393 1985 Regum,
1428 1934 1569 1983 inquit,

206 2005 246 2036 30
261 2006 316 2034 est
340 1997 546 2047 proprium
571 1997 714 2045 facere
746 1996 925 2031 iudicium
965 2002 1076 2043 atque
1114 1994 1301 2030 iusticiam
1336 2000 1369 2028 et
1403 1993 1571 2028 liberare

263 2056 308 2098 de
352 2068 464 2091 manu
521 2054 867 2104 calumpniancium
925 2053 962 2088 vi
1005 2064 1208 2101 oppressos
1254 2059 1289 2087 et
1316 2045 1568 2101 peregrinQI

150 2118 224 2150 1862
254 2113 403 2162 pupillo
449 2112 632 2160 vidueque
674 2112 739 2161 qui
770 2111 934 2160 facilius
978 2110 1250 2159 opprimuntur
1292 2121 1313 2143 α
1354 2107 1571 2157 potentibus

257 2171 423 2219 prebere
453 2170 655 2209 auxilium.
708 2171 754 2205 Et
788 2169 889 2204 infra
922 2169 993 2203 sub
1027 2166 1267 2204 auctoritate
1301 2164 1481 2213 Cipriani
1515 2164 1570 2201 sic

263 2228 426 2264 dicitur:
462 2229 549 2263 Rex
574 2228 682 2263 debet
695 2227 813 2275 furta
837 2226 1025 2270 cohihere,
1049 2224 1243 2261 adulteria
1262 2223 1413 2273 punire,
1439 2223 1571 2271 impios

207 2291 244 2324 35
263 2286 309 2321 de
340 2293 446 2322 terra
476 2286 666 2334 perdere;
690 2284 915 2333 parricidas
939 2283 1163 2332 etpert'uros
1186 2294 1258 2318 non
1280 2281 1406 2317 sinere
1429 2280 1569 2325 vivere,

263 2343 372 2393 filios
403 2355 492 2379 suos
524 2355 594 2378 non
627 2343 753 2378 sinere
790 2342 900 2391 impie
937 2353 1069 2391 agere,
1114 2339 1189 2377 nisi
1233 2339 1339 2375 dicta
1385 2336 1569 2375 execucio

264 2400 417 2437 extendi
451 2408 585 2448 posset
615 2399 655 2436 in
689 2412 782 2435 casu
814 2400 864 2435 ad
898 2398 1079 2436 clericos.

320 2461 400 2494 Nec
432 2466 759 2505 presumpserunt
798 2456 921 2505 aliqui
955 2458 1138 2492 doctores
1178 2456 1321 2491 docere
1355 2454 1462 2501 quod
1496 2452 1568 2488 iste
1653 2459 1740 2497 FolJy
1761 2458 1795 2484 of

262 2517 366 2563 leges
399 2524 489 2552 sunt
526 2517 719 2563 abrogare
751 2516 810 2551 vel
843 2515 950 2562 quod
982 2526 1063 2550 non
1102 2514 1246 2549 debent
1285 2512 1325 2547 in
1359 2518 1568 2559 quantum-
1606 2494 1756 2562 ttffgcffissg
1772 2493 1837 2554 thhasst

204 2590 249 2619 40
264 2586 419 2622 cunque
453 2586 597 2620 magna
630 2572 781 2608 desidia
813 2571 955 2620 prelati
988 2572 1037 2607 ad
1070 2570 1233 2607 clericos
1271 2582 1312 2606 se
1345 2569 1568 2619 extendere,
1590 2572 1629 2591 no
1651 2570 1755 2597 power
1776 2569 1848 2588 over

265 2644 353 2669 curn
387 2640 525 2667 contra
558 2630 617 2666 ius
649 2639 790 2667 nature
828 2630 929 2666 foret
962 2630 1069 2677 quod
1108 2641 1173 2665 rex
1205 2629 1320 2665 debet
1358 2626 1569 2675 pacificare
1631 2598 1680 2625 the
1701 2597 1812 2631 clergy.

332 2740 374 2769 32.
396 2741 491 2769 Cod.:
508 2742 691 2777 pupilloque
711 2741 802 2768 vidue
822 2741 876 2775 qui

336 2824 387 2856 29.
407 2814 489 2855 Cap.
508 2813 622 2844 XXIII.
721 2814 772 2853 34.
792 2813 874 2854 Cap.
894 2813 962 2844 XL.
