2050 3292
201 232 282 272 452
910 228 969 260 DE
997 228 1134 260 C1V1L1
1160 227 1372 260 D0M1Nio.
1591 214 1699 269 [CAP.
1719 224 1799 253 ΧΧῙ.

486 335 706 372 secularem
747 335 955 371 dominum
993 346 1210 372 removere.
1265 336 1352 371 Hoc
1390 341 1523 370 autern
1560 341 1661 369 esset
1694 333 1799 370 clero

485 393 624 430 humili
645 391 800 429 facilius
824 400 862 429 et
884 392 1016 428 utilius
1041 401 1078 429 et
1102 392 1330 440 religiosius,
1365 404 1455 428 curn
1478 399 1572 427 tunc
1606 392 1798 439 capiendo

485 452 639 488 nudum
682 463 798 487 usum
844 451 1044 486 bonorum
1090 462 1167 498 que
1211 458 1404 498 patronus
1443 450 1603 485 nomine
1635 451 1798 497 proprio

486 509 662 545 defendit
707 509 757 544 ad
784 520 934 556 ‘penam
979 508 1197 556 sanguiniS,
1237 520 1318 544 non
1357 506 1607 552 auctoritate,
1656 519 1799 554 procu-

485 568 659 613 racione,
704 578 900 603 consensu
943 566 1005 602 vel
1048 567 1210 603 nomine
1241 566 1471 611 sacerdotis,
1511 572 1717 601 excusatur
1750 565 1831 601 ab5

484 625 792 672 irregularitate;
832 625 901 660 sed
938 632 1033 660 tunc
1071 631 1229 672 oportet
1266 624 1516 660 sacerdotem
1550 624 1632 658 sine
1665 623 1798 659 defen-

485 682 596 719 sione
619 682 838 719 secundum
863 682 969 729 leges
992 682 1189 718 humanas
1209 681 1388 718 tollendo
1411 680 1572 729 rapinas
1595 682 1625 717 si
1641 682 1798 717 veniant

214 760 240 788 1t
260 760 287 788 ig
306 760 356 787 the
377 760 452 795 duty
484 741 585 777 velle
608 748 753 777 cuncta
776 751 860 776 esse
884 740 1125 779 communia.
1160 740 1330 787 Oportet
1354 740 1457 775 enim
1492 750 1535 775 ex
1567 737 1798 775 testimonio

231 795 434 858 ‘ngsgggssshff
484 807 715 835 sanctorum
749 806 787 835 et
819 797 984 834 decretis
1017 797 1181 834 ecclesie
1214 809 1324 845 reges
1358 805 1395 833 et
1427 797 1611 833 dominos
1646 805 1799 844 tempo-

242 865 320 892 00ds
340 865 375 892 of
391 865 442 891 the
485 857 586 893 rales
618 858 723 892 bona
756 855 922 892 ecclesIe
956 856 1177 892 defendere.
1213 856 1291 891 Sed
1313 856 1518 903 quoinodo
1542 854 1799 890 defenderent
1820 865 1857 885 ¹0

194 898 234 962 ἕο
250 899 471 970 ξξεῖῗῖεξῗὲἑξῖ
484 916 591 951 bona
614 914 775 950 ecclesie
798 913 956 950 civiliter
978 926 1097 961 super
1121 915 1262 961 quibus
1284 925 1365 949 non
1380 913 1529 949 habent
1552 912 1799 949 dominium?

230 969 313 1031 ¹312ss
328 976 436 1031 ξὲξξῐῗΐ
484 972 677 1020 numquid
709 983 792 1007 non
825 973 952 1007 maior
983 971 1084 1008 foret
1109 970 1327 1008 elemosina
1351 982 1565 1007 exonerare
1608 970 1799 1007 clericum

421 1023 428 1031 ”
485 1031 534 1067 ab
566 1028 775 1077 irregulari
808 1028 991 1065 civilitate
1024 1041 1145 1077 quam
1178 1030 1216 1065 in
1240 1027 1324 1065 eius
1353 1028 1669 1076 occupacionem
1694 1030 1799 1065 bona

485 1087 651 1125 ecclesie
695 1088 744 1124 ad
788 1086 924 1123 clerici
956 1088 1178 1135 dampnum
1224 1086 1461 1123 defendere?
1514 1087 1632 1131 Quod
1665 1096 1798 1123 autem

486 1154 544 1183 est
576 1158 713 1193 regum
746 1144 849 1181 tueri
882 1146 987 1181 bona
1019 1143 1185 1181 ecclesie
1217 1153 1325 1193 patet
1356 1145 1489 1189 XXIII,
1523 1146 1730 1192 questione
1751 1145 1797 1190 V,
1819 1147 1854 1178 15

487 1203 689 1253 Principes
721 1210 758 1239 et
790 1203 867 1239 Res
898 1215 1030 1239 omnes
1061 1202 1218 1238 ecclesie
1250 1211 1287 1239 et
1319 1204 1472 1252 Regum
1506 1209 1561 1238 est
1592 1202 1797 1252 proprium

487 1270 525 1298 et
567 1262 656 1298 Rex
700 1261 808 1297 debet
851 1273 941 1297 cum
985 1261 1055 1296 sibi
1082 1256 1087 1313 Ι
1116 1259 1321 1299 similibus.
1375 1261 1622 1296 Auctoritate
1664 1262 1799 1308 itaque
1843 1260 1920 1293 183³

486 1321 653 1356 istorum
677 1319 810 1367 quoad
832 1318 1007 1366 gladium
1028 1319 1292 1366 temporalem
1317 1326 1476 1366 oportet
1499 1319 1603 1354 bona
1636 1318 1799 1355 ecclesie

488 1378 711 1425 gubernari,
745 1385 783 1412 et
806 1389 896 1412 cum
920 1370 1039 1413 nemo
1062 1376 1209 1412 militat
1237 1375 1412 1424 propriis
1435 1375 1654 1424 stipendiis,
1688 1384 1798 1424 patet

488 1436 598 1484 quod
620 1442 779 1483 oportet
801 1446 869 1471 eos
891 1434 1018 1471 eciam
1050 1435 1313 1482 temporalem
1350 1435 1575 1470 mercedem
1609 1434 1798 1482 recipere.
1815 1446 1857 1466 20

489 1494 566 1529 Sed
590 1494 683 1541 quid
705 1491 870 1538 facilius,
895 1494 1185 1529 consonancius
1207 1493 1268 1528 vel
1291 1493 1584 1528 desiderabilius
1609 1493 1660 1528 eis
1678 1505 1798 1541 quam

491 1551 600 1588 civile
639 1551 857 1587 dominium
897 1551 948 1586 ad
986 1551 1094 1598 quod
1134 1552 1389 1598 consequitur
1427 1550 1588 1586 licencia
1621 1551 1799 1586 sumendi

489 1622 561 1657 pro
612 1609 750 1645 labore
801 1608 1069 1656 stipendium?
1120 1609 1233 1645 Unde
1265 1609 1398 1653 XXIII,
1452 1609 1661 1655 questione
1699 1609 1797 1653 VIII,

489 1667 691 1716 Episcopis
735 1674 950 1715 postquam
996 1665 1170 1702 ostendit
1214 1666 1321 1714 quod
1366 1665 1571 1702 nonlicet
1602 1667 1799 1714 episcopis

489 1726 559 1761 nisi
590 1724 834 1772 spiritualem
855 1723 1032 1772 gladium
1056 1736 1247 1770 exercere,
1282 1725 1334 1760 sic
1366 1724 1500 1759 infert:
1537 1724 1672 1760 Omnis
1703 1725 1799 1760 enim
1817 1727 1856 1758 25

484 1790 622 1832 preter
654 1780 777 1829 illum,
812 1782 872 1818 vel
902 1782 1130 1819 auctoritate
1162 1782 1252 1828 eius,
1286 1781 1350 1830 qui
1386 1782 1577 1832 legittima
1611 1789 1802 1832 potestate

489 1841 623 1887 utitur,
656 1841 730 1889 qui,
764 1847 804 1875 ut
829 1840 882 1875 ait
905 1840 1116 1889 apostolus,
1132 1852 1204 1876 non
1226 1839 1307 1876 sine
1327 1852 1441 1875 causa
1452 1846 1588 1889 portat
1608 1840 1800 1890 gladium,

490 1899 552 1934 cui
596 1906 631 1934 et
674 1898 796 1934 omnis
826 1898 955 1933 anima
987 1898 1154 1934 subiecta
1186 1910 1267 1934 esse
1299 1898 1420 1945 debet,
1465 1898 1602 1947 omnis,
1634 1898 1800 1948 inquam,

490 1956 554 2005 qui
591 1963 728 2005 preter
771 1956 1040 1992 auctoritatem
1085 1956 1197 1991 huius
1239 1956 1416 2006 gladium
1469 1956 1615 2005 accepit
1663 1957 1801 2006 gladio

485 2014 641 2063 peribit.
694 2015 742 2049 Et
787 2022 943 2050 constat
987 2014 1095 2062 quod
1138 2013 1202 2050 ille
1243 2026 1324 2049 non
1370 2022 1427 2050 est
1459 2026 1577 2061 papa,
1616 2022 1659 2049 ut
1692 2022 1801 2062 patet
1818 2026 1859 2049 :³0

492 2074 604 2110 Rom.
636 2072 723 2107 XIII
755 2080 792 2107 et
825 2071 929 2107 Petri
963 2073 1005 2117 ΙΙ,
1040 2073 1109 2108 sed
1140 2073 1358 2119 imperator
1389 2072 1449 2108 vel
1482 2071 1667 2119 princeps
1700 2071 1800 2108 alius

491 2130 691 2166 secularis.
724 2130 763 2165 Si
793 2131 909 2177 igitur
931 2142 1011 2166 non
1035 2131 1117 2166 sine
1141 2129 1379 2166 auctoritate
1408 2130 1594 2165 secularis
1617 2131 1801 2177 principis
1839 2132 1868 2163 Υ

491 2188 634 2224 debent
664 2186 903 2235 temporalia
936 2188 1099 2224 ecclesie
1130 2188 1368 2224 debellando
1396 2187 1563 2231 defendi,
1598 2189 1801 2235 quomodo

491 2244 574 2282 sine
614 2247 694 2281 eius
732 2246 969 2281 auctoritate
1007 2246 1152 2282 debent
1190 2258 1211 2281 a
1251 2246 1400 2281 clericis
1433 2245 1644 2293 possideri?
1697 2248 1803 2281 Deus

490 2305 607 2351 igitur
650 2311 687 2339 et
732 2304 914 2339 dominus
958 2304 1187 2351 temporalis
1232 2303 1447 2339 defendunt
1491 2304 1594 2339 bona
1641 2303 1801 2339 ecclesie
1819 2306 1858 2339 35

492 2361 623 2408 gladio
668 2361 887 2409 corporali3
932 2373 1004 2398 nec
1050 2362 1226 2409 sequitur
1270 2374 1314 2397 ex
1359 2362 1433 2397 isto
1478 2363 1585 2409 quod
1618 2363 1722 2397 Deus
1755 2360 1804 2397 sit

490 2418 719 2466 irregularis
752 2427 915 2467 propter
947 2418 1322 2461 auctorisacionem‚
1356 2431 1595 2455 consensum
1627 2427 1663 2454 et
1696 2431 1803 2455 com-

561 2630 589 2656 7.
610 2622 757 2651 tollendo.
785 2622 878 2651 Cod.:
906 2623 1097 2659 colligendo.
1170 2631 1204 2651 11.
1226 2622 1320 2651 Cod.:
1348 2623 1448 2651 habet.
1522 2623 1563 2650 16.
1584 2621 1721 2650 Rectius:
1748 2620 1804 2650 Res

493 2661 595 2685 autem
623 2658 755 2685 humane
860 2666 909 2692 24.
938 2658 1029 2686 Recte
1053 2659 1097 2685 De
1120 2659 1287 2694 episcopis,
1317 2663 1345 2685 et
1373 2663 1419 2685 est
1449 2657 1587 2685 Gratiani
1617 2657 1667 2684 ubi
1698 2666 1801 2692 supra.

493 2691 535 2719 32.
557 2692 652 2720 Cod.:
669 2693 846 2728 princz'pit's.

567 2788 618 2818 15.
645 2788 728 2829 Cap.
746 2788 817 2828 XX,
836 2788 923 2820 XXI.
1023 2787 1073 2820 16.
1098 2789 1233 2820 Dect-eti
1253 2789 1406 2820 secunda
1424 2798 1511 2830 pars,
1537 2798 1639 2819 causa
1656 2787 1802 2827 XXXIII,

495 2844 528 2874 q.
548 2835 589 2875 V,
617 2843 690 2876 cap.
716 2835 837 2867 XXIII.
939 2845 987 2877 17.
1012 2835 1096 2877 Cap.
1122 2835 1194 2866 XL.
