2050 3292
214 238 295 276 514
931 232 989 264 DE
1018 232 1155 264 CIVILI
1182 232 1391 265 DOMINIO.
1574 220 1684 274 [CAP.
1705 231 1815 259 XXIV.

507 341 651 390 facere
684 341 887 377 debeamus
933 339 992 375 vel
1024 351 1096 375 non
1120 338 1307 387 faciendo
1341 340 1442 387 quod
1474 340 1581 375 debet
1602 340 1700 389 fieri
1730 353 1813 376 cum

503 400 557 435 sic
590 399 729 435 debere
748 398 846 448 fieri
876 409 1179 447 cognoscamus;
1217 396 1391 445 primum
1427 398 1535 446 quod
1568 397 1815 445 Augustinus

505 465 618 493 notat
636 464 835 505 peccatum
861 455 1068 506 ignominie
1092 463 1149 491 est
1171 454 1337 501 veniale,
1371 456 1438 492 sed
1463 457 1684 492 secundum
1709 457 1815 505 quod

505 523 618 551 notat
650 513 898 561 Augustinus
932 520 1133 562 peccatum
1174 513 1410 562 infirmitatis
1449 522 1505 549 est
1545 514 1733 558 mortale;
1781 523 1817 551 et

505 580 669 620 propter
692 572 765 608 ista
789 571 935 607 dicitur
958 570 1116 607 Psalmo
1139 572 1272 616 XXVI,
1297 583 1309 608 1
1328 587 1334 607 :
1368 570 1561 608 Dominus
1583 572 1817 609 illuminacio
1836 573 1851 605 5

506 643 589 666 mea
633 637 668 666 et
709 629 815 665 salus
848 641 945 675 mea,
990 641 1097 676 quem
1132 628 1301 664 timebo?
1352 628 1392 665 Si
1427 628 1533 665 enim
1570 629 1818 666 illuminacio

506 687 679 724 detrahit
711 686 987 734 ignoranciam
1023 694 1061 722 et
1093 687 1198 722 salus
1237 686 1527 733 infirmitatem,
1572 687 1820 724 subtrahitur

507 745 674 794 quilibet
699 745 820 781 timor
844 744 952 782 mali.
987 745 1168 789 Seianae,
1202 744 1343 793 inquit,
1377 753 1413 781 et
1436 746 1604 782 videntes
1622 746 1819 795 peccando

506 816 639 840 smnus
672 815 744 839 non
767 803 890 839 solum
920 810 1161 851 peccatores,
1194 803 1262 838 sed
1284 803 1402 839 eciam
1427 815 1599 850 eramus,
1634 816 1717 839 cum
1747 816 1821 853 per

508 861 775 913 ignoranciam
823 861 1094 910 peccabamus,
1149 872 1281 896 verum
1334 861 1453 897 eciam
1501 862 1821 910 prevaricatores
1842 871 1879 894 10

508 920 607 970 Iegis
640 920 699 955 vel
730 931 815 955 cum
849 919 889 954 ia'
920 930 992 954 non
1013 917 1190 967 facimus
1218 913 1222 971 l
1252 920 1352 966 quod
1371 919 1602 968 faciendum
1637 932 1716 956 esse
1745 920 1819 955 iam
1863 925 1943 964 209⁸

226 990 395 1024 [gnorance
416 987 491 1026 does
507 978 648 1014 scimus
682 978 741 1013 vel
772 989 855 1013 cum
878 976 1069 1026 facimus.

229 1029 282 1052 slot
303 1030 412 1050 CXCUSe
433 1029 479 1049 Sln

237 1067 272 1086 or
292 1066 340 1085 wc
360 1057 472 1085 should
566 1037 716 1072 Contra
764 1035 870 1071 istud
908 1034 1066 1071 videtur
1110 1035 1216 1082 quod
1263 1034 1394 1071 omnis
1439 1035 1570 1071 infans
1614 1036 1820 1083 peccando

247 1092 463 1163 ῗζξῑῡῃῑίἳηὲνὲἐῗ
508 1093 758 1142 originaliter
790 1105 871 1129 non
903 1101 1043 1141 peccat
1077 1092 1313 1137 mortaliter,
1347 1105 1423 1143 nec*
1452 1092 1577 1130 eciam
1603 1102 1821 1142 quantum-

311 1164 395 1199 duty.
508 1164 666 1200 cunque
698 1151 872 1199 graviter
903 1151 1108 1198 peccando
1141 1150 1364 1198 actualiter,
1404 1152 1498 1187 dum
1539 1151 1701 1188 racione
1733 1164 1822 1199 pec-
1844 1153 1878 1185 15

509 1210 587 1247 cati
609 1209 727 1246 fuerit
755 1209 959 1257 ignorans,
993 1208 1093 1245 sicut
1118 1208 1301 1245 convenit
1324 1210 1544 1245 secundum
1568 1209 1821 1246 Aristotelem

509 1267 620 1304 omni
646 1268 765 1313 malo,
799 1266 1035 1315 ignorancia
1058 1279 1150 1303 vero
1175 1267 1385 1314 culpabilis
1417 1280 1498 1303 non
1523 1276 1695 1312 excusat,
1729 1267 1823 1316 quia

510 1335 603 1363 tunc
637 1325 841 1374 expediret
873 1338 954 1362 non
987 1324 1194 1374 addiscere
1228 1325 1323 1373 quid
1358 1325 1443 1361 fieri
1467 1326 1621 1372 debeat,
1657 1338 1705 1362 ne
1735 1325 1823 1374 quis

237 1395 426 1430 Knowledge
446 1395 480 1421 01·
512 1383 672 1421 racione
705 1382 855 1420 incidat
888 1383 928 1419 in
963 1383 1142 1421 mortale.

239 1431 287 1493 gfff,
307 1432 477 1493 {ffissssgyuost
569 1444 679 1487 Item,
714 1441 883 1490 quilibet
916 1440 1084 1477 clericus
1118 1441 1247 1477 sciens
1281 1443 1388 1490 quod
1423 1441 1611 1478 continue
1645 1441 1779 1478 deficit
1803 1454 1882 1477 azo

300 1500 424 1527 careful.
511 1500 589 1537 vita
634 1500 811 1548 perfecta
856 1512 935 1547 qua
979 1500 1050 1535 sub
1084 1511 1186 1546 pena
1231 1499 1385 1547 peccati
1420 1500 1536 1536 debet
1568 1499 1698 1535 vivere
1732 1512 1823 1536 con-

511 1558 622 1595 tinue
645 1565 831 1606 peccaret
856 1556 1102 1603 mortaliter;
1126 1558 1234 1605 quod
1256 1557 1413 1593 videtur
1435 1557 1554 1593 nimis
1571 1570 1701 1606 grave,
1734 1570 1823 1594 cum

512 1626 606 1653 tunc
651 1628 860 1664 nunquam
906 1616 1138 1659 celebraret,
1189 1617 1257 1651 sed
1303 1615 1571 1651 insolubiliter
1615 1615 1826 1664 perplexus

512 1683 593 1711 tam
628 1673 855 1710 omittendo
889 1685 1009 1721 quam
1046 1673 1337 1710 committendo
1377 1673 1607 1710 necessario
1640 1681 1827 1721 peccaret

513 1731 716 1769 continue.
770 1734 818 1768 Et
852 1744 941 1767 cum
976 1730 1125 1768 scimus
1164 1733 1214 1768 ad
1247 1731 1520 1768 imitacionem
1561 1731 1757 1780 scripture
1790 1740 1827 1768 et
1845 1733 1884 1765 25

512 1799 745 1827 sanctorum
780 1791 993 1826 doctorum
1028 1790 1136 1838 quod
1169 1789 1440 1826 necessarium
1475 1798 1531 1825 est
1554 1789 1669 1827 nobis
1692 1802 1826 1837 grave-

513 1849 645 1885 dinem
700 1856 960 1896 peccatorum
1016 1860 1258 1896 cognoscere
1302 1856 1345 1884 ut
1391 1847 1553 1884 caucius
1599 1856 1828 1893 caveantur,

514 1906 608 1955 quia
641 1907 864 1942 secundum
897 1906 1165 1954 Augustinum
1197 1905 1459 1943 Enchiridion
1491 1907 1593 1941 LXII
1641 1918 1684 1942 ex
1717 1905 1829 1953 igno-

513 1964 650 2001 rancia
684 1973 943 2012 peccatorum
978 1963 1125 2000 accidit
1149 1966 1257 2012 quod
1285 1971 1448 2013 peccata
1480 1964 1656 2012 quamvis
1685 1976 1829 2015 magna

513 2030 547 2059 et
580 2023 778 2059 horrenda
811 2034 896 2058 cum
931 2022 965 2057 in
1000 2023 1310 2059 consuetudinem
1344 2022 1496 2057 veniunt
1528 2030 1593 2057 aut
1616 2034 1741 2071 parva
1765 2029 1831 2057 aut
1848 2025 1888 2057 30

513 2081 620 2117 nulla
654 2093 734 2117 esse
767 2081 991 2127 creduntur,
1027 2092 1144 2129 usque
1174 2081 1270 2116 adeo
1296 2087 1335 2115 ut
1359 2092 1430 2116 non
1453 2080 1577 2115 solum
1607 2092 1680 2116 non
1704 2080 1829 2116 occul-

514 2139 645 2181 tanda,
682 2151 814 2174 verum
849 2138 967 2174 eciam
997 2138 1241 2188 predicanda
1275 2145 1309 2174 et
1343 2138 1579 2186 diffamanda
1614 2138 1830 2182 videantur,

514 2197 679 2245 quando,
710 2196 808 2232 sicut
839 2196 1025 2244 scriptmn
1047 2204 1113 2242 est,
1148 2197 1334 2232 laudatur
1360 2202 1545 2244 peccator
1576 2195 1612 2231 in
1630 2195 1832 2231 desideriis

514 2255 639 2290 anime
682 2266 748 2290 sue
792 2262 827 2290 et
870 2254 935 2303 qui
976 2254 1100 2303 inique
1143 2254 1248 2304 gerit
1292 2253 1546 2289 benedicetur.
1603 2254 1704 2289 Cum
1738 2266 1831 2300 ergo

516 2314 668 2349 clamor
712 2312 817 2348 illius
851 2311 1006 2360 generis
1046 2312 1201 2360 peccati
1234 2311 1466 2360 gravissime
1512 2310 1674 2348 inolevit
1714 2310 1832 2347 hodie
1850 2314 1889 2347 35

516 2370 554 2406 in
577 2369 743 2407 ecclesia
757 2378 895 2406 sancta
923 2367 927 2421 Ι
956 2370 1041 2416 Dei,
1074 2370 1231 2406 videtur
1264 2371 1372 2418 quod
1406 2370 1613 2405 doctorum
1650 2377 1707 2406 est
1731 2377 1832 2405 trac·
1872 2368 1955 2414 200¹*

516 2430 638 2464 tando
684 2437 850 2476 peccata
884 2429 1065 2476 detegere
1098 2438 1134 2464 et
1162 2429 1435 2464 confessorum
1455 2427 1710 2475 gravedinem
1727 2425 1833 2475 ipso-

516 2500 603 2522 rum
640 2486 851 2522 discutere.
886 2486 1011 2522 Aliter
1034 2485 1139 2522 enim
1172 2485 1357 2522 nesciunt
1386 2486 1591 2533 quomodo
1615 2484 1834 2521 adhibeant
1872 2489 1898 2518 B

518 2543 781 2583 medicamen.
816 2545 893 2580 Sed
917 2543 972 2580 hii
1001 2543 1142 2592 quinto
1169 2544 1308 2580 dicunt
1338 2544 1446 2592 quod
1480 2555 1599 2579 omne
1622 2550 1831 2590 peccatum

516 2611 652 2650 preter
684 2611 893 2650 peccatum
929 2601 969 2638 in
999 2601 1193 2650 Spiritum
1223 2604 1415 2639 Sanctum
1451 2610 1507 2637 est
1540 2600 1707 2647 veniale,
1741 2600 1834 2649 quia
1848 2610 1892 2644 40

588 2744 621 2769 ιι,
650 2743 687 2762 12.
718 2735 855 2763 Rectius:
892 2735 965 2763 Cum
993 2735 1026 2762 id
1053 2743 1114 2763 non
1135 2734 1277 2771 facimus
1312 2735 1398 2771 quod
1415 2735 1602 2771 faciendum
1630 2735 1678 2761 vel
1695 2732 1835 2770 facimus

519 2772 602 2806 quod
621 2778 683 2798 non
694 2769 881 2805 faciendum
901 2779 966 2798 esse
985 2771 1047 2798 iam
1066 2771 1188 2798 scimus.
1267 2769 1310 2806 37.
1333 2770 1427 2798 Cod.:
1449 2768 1655 2805 confessore&

592 2841 645 2875 28.
671 2842 812 2874 RectIus
838 2841 947 2874 Ench.
975 2840 1097 2875 [XXX
1123 2842 1144 2875 l.
1172 2852 1198 2874 c.
1227 2851 1303 2884 227.
1401 2842 1453 2874 33.
1481 2841 1607 2874 Psalm.
1634 2841 1687 2882 IX,
1715 2848 1769 2882 24.
