2050 3292
198 247 279 285 472

292 692 377 720 Such

219 727 410 755 withdrawal
431 726 456 753 is

244 762 374 797 binding
393 769 433 788 on

291 797 369 824 their

244 839 432 858 successors.

911 242 971 274 DE
998 241 1134 277 CIVILI
1160 241 1370 274 DOMINIO.
1576 229 1681 286 [CAP-
1701 239 1795 267 XXII-

486 349 661 397 peccatis
694 348 754 385 vie
799 358 836 385 et
881 361 924 385 ex
968 347 1202 385 assistencia
1247 347 1449 384 cruciante
1495 347 1548 384 eis
1594 347 1797 387 inferrent,

487 407 598 444 Sicut
641 406 745 443 enim
791 406 897 444 beati
940 419 980 442 se
1024 406 1162 442 iuvant
1194 405 1397 453 reciproce
1436 406 1697 449 consolando,
1742 406 1798 442 sic

488 464 696 512 dampnati
729 477 769 501 se
803 464 1095 512 dampnificant
1124 463 1330 511 reciproce
1354 464 1587 500 desolando.
1622 465 1670 499 Et
1693 472 1800 511 patet

489 524 693 571 quomodo
738 522 1049 559 elemosinarum
1095 521 1188 557 cleri
1236 520 1478 557 rectificacio
1511 533 1582 568 per
1615 521 1799 557 dominos

489 581 685 617 seculares
718 580 949 628 superstites
988 579 1200 627 proficeret
1233 578 1272 614 in
1305 578 1442 626 beatis,
1474 574 1478 632 Ι
1507 578 1545 614 in
1578 579 1727 627 punitis
1760 579 1800 615 in
1844 579 1920 624 191b

491 637 725 687 purgatorio
759 647 796 674 et
829 637 1073 686 dampnatis.

547 698 600 732 Ex
645 708 726 743 quo
770 704 881 743 patet
924 696 1032 745 quod
1065 693 1219 731 domini
1255 693 1488 742 superstites
1529 696 1601 730 sub
1635 697 1801 731 obtentu
1839 696 1867 727 N

490 753 616 790 eterni
640 753 782 801 premii
806 755 951 791 debent
972 752 1102 801 posita
1125 751 1360 788 necessitate
1383 752 1457 788 hoc
1473 765 1573 800 opus
1596 752 1800 801 precipue,

490 811 697 859 diligenter
735 821 771 848 et
804 813 1023 860 prudenter
1055 810 1266 859 perficere;
1304 810 1489 859 precipue
1521 810 1615 858 quia
1653 810 1693 846 in
1726 811 1801 847 hoc

489 878 566 905 stat
600 869 782 916 capitalis
815 868 1057 906 rectificacio
1092 867 1278 915 ecclesie;
1313 868 1521 918 diligenter
1543 867 1638 916 quia
1661 868 1702 904 in
1726 869 1801 905 hoc
1823 879 1860 900 10

490 935 566 964 stat
598 927 834 975 precipuum
869 927 1056 964 meritum
1091 926 1371 971 dominorum
1404 925 1477 973 ipsi
1513 926 1703 974 precipue
1735 927 1801 962 ob-

490 985 665 1033 ligantur
697 987 747 1022 ad
780 998 903 1034 opera
937 983 1226 1030 misericordie,
1264 985 1312 1020 de
1345 983 1489 1031 quibus
1522 984 1645 1021 Math.
1679 985 1800 1029 XXV3

490 1044 557 1079 sed
581 1044 689 1091 quod
714 1043 841 1080 maius
864 1056 964 1091 opus
989 1041 1263 1078 misericordie
1287 1054 1407 1090 quam
1441 1043 1547 1078 bona
1579 1055 1801 1090 pauperum

493 1101 709 1137 incasti-ata
743 1110 936 1150 tanquam
971 1100 1088 1137 nidus
1120 1099 1290 1137 vacandi
1324 1112 1369 1135 ac
1402 1099 1615 1147 peculandi
1639 1112 1802 1147 genera-

491 1158 596 1195 cioni
630 1158 810 1196 adultere
845 1159 978 1207 egenis
1011 1157 1272 1206 dispendere?
1307 1156 1373 1193 Sic
1404 1157 1509 1193 enim
1543 1157 1803 1205 perficeretur
1823 1157 1858 1189 15

490 1229 590 1264 opus
625 1216 899 1254 misericordie
933 1226 1013 1253 tam
1046 1216 1207 1253 carnale
1252 1228 1374 1263 quam
1396 1214 1603 1263 spirituale
1626 1216 1667 1251 in
1690 1224 1802 1263 parte

491 1274 655 1311 ecclesie
689 1275 860 1311 maxime
892 1274 1104 1322 indigente.
1138 1273 1358 1310 Prudenter
1390 1273 1494 1323 dico,
1527 1273 1619 1321 quia
1643 1282 1803 1321 oportet

492 1345 534 1368 ex
569 1332 735 1369 caritate
770 1333 840 1369 Dei
882 1341 918 1369 et
957 1331 1129 1382 proximi
1168 1344 1249 1368 non
1295 1343 1339 1367 ex
1370 1331 1455 1367 zelo
1494 1331 1553 1368 vel
1586 1331 1803 1379 cupiditate

492 1392 597 1427 bona
642 1403 712 1427 sua
758 1392 805 1427 de
850 1392 1039 1427 abutente
1084 1391 1331 1435 subtrahere,
1366 1389 1730 1436 proporcionaliter
1761 1398 1803 1425 ut

492 1450 655 1496 prodest
688 1448 868 1498 ecclesie,
902 1457 938 1484 et
971 1457 1066 1484 tunc
1098 1460 1199 1495 opus
1233 1447 1406 1483 filiorum
1431 1447 1648 1484 delectaret
1670 1456 1802 1494 patres
1820 1455 1862 1478 20

492 1506 532 1542 in
566 1507 651 1543 celo
675 1516 712 1542 et
740 1506 985 1554 purgatorio,
1020 1506 1051 1542 si
1075 1506 1295 1541 secundum
1321 1504 1498 1541 caritatis
1521 1505 1678 1553 regulas
1702 1517 1803 1553 opus

492 1576 630 1600 eorum
675 1564 927 1612 obliquatum
972 1563 1208 1609 rectificant,
1260 1564 1309 1599 ad
1354 1563 1528 1599 fructum
1574 1563 1802 1599 uberiorem

491 1621 680 1658 adiuvant
712 1631 748 1658 et
782 1623 837 1658 sic
873 1631 1042 1658 matrem
1077 1621 1284 1657 ecclesiam
1310 1620 1517 1666 edificant3
1551 1629 1589 1657 et
1611 1633 1681 1668 per
1709 1633 1801 1656 con-

491 1692 660 1728 sequens
693 1680 840 1716 habent
871 1688 1005 1728 patres
1038 1692 1129 1716 suos
1162 1691 1206 1715 ex
1238 1679 1331 1714 hinc
1364 1678 1577 1727 precipuos
1606 1687 1799 1716 oratores.

492 1738 592 1774 Cum
639 1737 742 1774 enim
777 1740 883 1774 Deus
928 1737 1101 1786 premiat
1146 1750 1218 1785 pro
1253 1747 1499 1785 quocunque
1538 1749 1659 1784 opere
1695 1737 1801 1785 quod
1818 1738 1857 1769 25

494 1795 785 1842 predestinatus
818 1796 911 1832 facit
943 1795 983 1831 in
1007 1795 1141 1843 gracia
1163 1796 1249 1842 <sed
1272 1794 1367 1831 dicti
1396 1803 1528 1843 patres
1552 1794 1630 1830 iarn
1656 1794 1800 1831 mortui

493 1853 641 1889 faciunt
674 1866 756 1889 esse
779 1866 879 1901 opus
902 1853 1145 1901 originatum
1181 1865 1224 1888 ex
1246 1848 1552 1905 operibuslsuis
1585 1852 1625 1888 in
1653 1852 1728 1898 via,
1761 1861 1804 1888 ut
1847 1858 1923 1895 19¹⁰

493 1920 601 1958 patet
645 1923 688 1947 ex
731 1912 886 1947 XXXVI
925 1911 1037 1948 tercii
1076 1910 1196 1959 libri),
1244 1910 1451 1947 manifeste
1495 1909 1652 1946 videtur
1696 1911 1803 1958 quod

493 1969 581 2004 inde
628 1968 850 2016 reciperent
895 1968 1142 2005 accidentale
1187 1967 1377 2016 gaudium
1424 1976 1461 2004 et
1499 1968 1696 2016 premium
1730 1980 1803 2015 pro

492 2026 560 2063 tali
594 2039 726 2074 opere.
781 2026 878 2071 Quis
924 2039 1017 2074 ergo
1063 2026 1217 2062 dubitat
1250 2027 1358 2074 quod
1403 2027 1541 2062 beatus
1573 2025 1614 2061 in
1648 2026 1734 2062 celo
1767 2034 1804 2061 et
1820 2027 1862 2060 30

493 2084 725 2132 purgatorio
773 2085 965 2131 gauderet
1010 2085 1118 2132 quod
1151 2096 1251 2132 opus
1284 2096 1399 2119 suum
1435 2085 1521 2131 plus
1561 2085 1610 2119 ad
1644 2083 1802 2119 edifica-

494 2142 649 2178 cionem
684 2142 848 2178 ecclesie
872 2141 1098 2189 fructificet,
1132 2150 1169 2178 et
1193 2141 1420 2189 displiceret
1443 2141 1516 2177 sibi
1540 2142 1647 2190 quod
1672 2141 1802 2189 proles

491 2212 561 2235 sua
594 2212 636 2235 ex
661 2199 944 2236 commissione
966 2200 1026 2236 vel
1049 2199 1292 2236 obmissione
1317 2200 1363 2235 de
1396 2199 1464 2235 tali
1488 2199 1802 2235 fructificacione

491 2258 767 2294 subtraheret?
810 2270 903 2294 nam
936 2257 1065 2295 viator
1103 2257 1293 2294 affectans
1331 2257 1562 2304 oppositum
1602 2257 1803 2293 laboraret

494 2315 662 2362 invidia,-
687 2315 854 2352 existens
888 2315 1008 2362 igitur
1040 2315 1080 2351 in
1114 2314 1363 2363 purgatorio,
1396 2314 1463 2362 qui
1489 2314 1654 2351 caritate
1678 2308 1801 2362 magis
1819 2314 1858 2349 35

493 2372 738 2416 accenditur,
773 2381 810 2409 et
843 2373 1092 2409 differencias
1121 2386 1167 2409 ac
1191 2384 1370 2409 excessus
1394 2372 1487 2408 boni
1511 2381 1547 2408 et
1572 2372 1664 2409 mali
1687 2371 1802 2408 nobis

493 2430 739 2467 insensibiles
783 2440 899 2467 acute
943 2430 1125 2479 percipit,
1183 2431 1376 2478 gauderet
1417 2429 1607 2467 nimirum
1657 2442 1700 2466 ex
1733 2429 1802 2466 tali

493 2500 613 2535 opere
633 2497 673 2526 et
696 2501 765 2536 per
790 2501 1036 2536 consequens
1070 2488 1174 2526 beati
1204 2488 1245 2523 in
1268 2489 1354 2524 celo
1376 2488 1504 2524 forent
1528 2487 1617 2524 talis
1638 2487 1802 2524 viatoris

494 2546 747 2593 procurantis
785 2559 857 2594 pro
898 2545 1068 2583 ecclesia
1107 2555 1287 2582 oratores
1327 2545 1507 2594 precipui
1541 2553 1578 2581 et
1615 2546 1674 2593 (ut
1708 2544 1802 2592 dixi)

494 2616 566 2650 pro
590 2603 658 2640 tali
681 2605 996 2652 dampnatorum
1020 2616 1140 2652 opere
1173 2616 1276 2652 pena
1298 2604 1399 2640 foret
1422 2602 1573 2648 micior,
1607 2602 1700 2651 quia
1733 2615 1803 2650 per
1815 2615 1860 2646 40

494 2673 611 2697 omne
645 2670 854 2709 peccatum
889 2661 1054 2698 ecclesie
1087 2674 1226 2698 eorum
1261 2674 1364 2710 pena
1393 2660 1561 2697 acuitur.
1596 2660 1661 2697 Sic
1697 2659 1801 2697 enirn

563 2826 591 2851 9.
607 2818 701 2845 Cod.:
722 2818 884 2854 diligentis
898 2821 926 2845 et
944 2818 1113 2853 prudentis.
1188 2818 1223 2846 15.
1241 2817 1336 2853 Cod.:
1357 2817 1545 2852 disperdere.
1618 2816 1657 2851 31,
1673 2816 1715 2844 32.
1737 2816 1802 2844 edi-

503 2852 680 2880 ficacionem
701 2854 729 2880 in
753 2861 849 2887 marg.
871 2853 908 2880 al.
931 2861 1039 2887 manu;
1060 2853 1091 2880 in
1112 2856 1193 2880 textu
1204 2851 1502 2888 fructificacionem.
1645 2854 1646 2857 ’
