2050 3292
269 223 357 250 CAP.
379 213 505 267 xxtv]
737 225 872 256 LIBER
897 225 1105 256 TERTlth.

269 332 474 367 secundum
520 330 692 366 ordinem
746 329 781 364 in
834 329 1115 378 edificacionem
1161 330 1325 372 ecclesie,
1379 337 1420 364 ut
1466 337 1573 376 patet

271 391 313 428 ΙΙ,
350 390 441 425 Cor.
480 389 525 434 X,
566 386 588 423 8
634 395 671 422 et
714 387 739 424 I.
779 388 870 423 Cor.
910 388 1006 432 XIV,
1041 400 1092 432 40
1138 395 1174 422 et
1218 386 1311 422 alibi
1356 385 1488 434 sepius
1533 386 1572 421 in

270 445 486 494 scriptura;
522 444 589 480 sed
611 445 930 491 quandocunque
961 443 1049 491 quis
1082 445 1135 480 sic
1152 444 1346 479 exorbitat
1369 444 1573 491 peccando

270 512 409 539 contra
432 501 577 539 Christi
611 501 834 545 consilium,
867 514 949 536 non
983 501 1038 537 sic
1070 501 1164 537 facit
1187 502 1237 537 ad
1270 502 1461 537 honorem
1488 500 1572 545 Dei,

237 560 336 597 §sed
368 560 451 597 eius
485 567 773 606 contemptum,
818 558 938 606 igitur
971 560 1295 606 quandocunque
1329 559 1386 594 sic
1420 567 1572 605 peccat,

268 618 361 654 facit
394 626 532 654 contra
563 616 635 652 Dei
669 615 915 653 mandatum.
961 618 1060 652 Nam
1095 616 1198 652 idem
1230 616 1387 652 videtur
1419 624 1573 652 tantum

148 676 230 710 2230¹
269 674 475 711 dominum
509 685 621 710 servo
653 686 725 709 suo
754 670 758 724 Ι
788 673 1003 721 quicquam
1050 674 1257 709 consulere
1301 674 1371 708 sub
1404 685 1507 720 pena
1541 680 1577 708 et

269 732 365 769 illud
396 731 469 768 sibi
503 730 719 779 precipere.

201 792 231 830 Q
328 791 441 826 Unde
473 788 636 825 stultum
658 787 813 824 videtur
845 787 975 824 dicere
1008 788 1115 835 quod
1148 799 1265 823 nemo
1298 796 1436 835 peccat
1470 800 1574 823 mor-

217 859 254 879 10
270 847 413 892 taliter,
447 846 631 883 faciendo
664 854 804 882 contra
819 845 892 881 Dei
926 844 1152 890 consilium,
1187 857 1275 880 cum
1310 845 1470 881 Psalmo
1496 845 1573 894 CV,

275 916 335 954 13,
375 916 441 953 43,
488 903 596 952 quod
634 904 716 953 filii
758 903 910 939 Israhel
953 916 1025 939 non
1069 902 1331 938 sustinuerunt
1376 902 1574 938 consilium

269 962 438 1008 Domini,
471 963 539 998 sed
560 962 892 997 exacerbaverunt
914 973 997 996 eum
1021 961 1056 995 in
1089 959 1245 995 consilio
1276 972 1367 1004 suo;
1399 968 1435 995 et
1468 968 1576 1006 patet

269 1032 312 1056 ex
350 1031 538 1067 processu
582 1018 709 1068 exodi,
755 1019 862 1066 quod
906 1017 996 1054 ideo
1043 1016 1302 1053 criminaliter
1345 1025 1575 1064 peccarunt.

267 1078 433 1114 Videtur
479 1077 583 1113 enim
629 1076 735 1124 quod
768 1078 873 1111 Deus
917 1075 1041 1111 nichil
1074 1074 1242 1122 precipit
1280 1082 1421 1110 nature
1453 1074 1575 1109 libere

216 1135 343 1172 15nisi
376 1148 446 1183 per
480 1136 643 1171 modum
685 1133 839 1170 consilii
885 1145 957 1169 nec
1001 1132 1153 1180 aliquid
1186 1131 1357 1168 consulit
1400 1131 1475 1167 nisi
1520 1131 1575 1166 di-

267 1192 488 1230 leccionem
522 1192 593 1228 Dei
628 1192 685 1228 vel
729 1190 914 1239 proximi,
959 1190 1080 1238 igitur
1124 1191 1196 1225 sub
1241 1189 1461 1225 dileccione
1507 1190 1576 1225 Dei

269 1250 493 1287 continetur
524 1262 642 1286 omne
676 1248 900 1292 consilium,
946 1260 1017 1284 nec
1050 1247 1280 1295 ignorancia
1319 1246 1485 1283 actualis
1517 1247 1577 1282 vel

268 1308 482 1345 habitualis
526 1309 573 1344 de
618 1307 820 1354 diligendo
854 1306 913 1343 vel
944 1305 1151 1342 serviendo
1183 1307 1267 1341 Deo
1311 1305 1367 1341 sic
1407 1313 1577 1353 excusat,

268 1365 363 1414 quia
406 1366 511 1402 iuxta
555 1365 734 1413 proxime
780 1363 886 1399 dicta
919 1364 1041 1400 homo
1072 1371 1212 1410 peccat
1251 1361 1474 1398 mortaliter
1518 1362 1576 1397 in-

212 1434 254 1455 20
269 1424 436 1460 cidendo
469 1423 509 1459 in
540 1423 660 1459 talem
694 1421 985 1469 ignoranciam,
1025 1433 1115 1457 cum
1149 1421 1221 1456 sub
1259 1432 1361 1468 pena
1396 1418 1576 1455 mortalis

268 1490 425 1517 tenetur
447 1481 570 1517 homo
594 1479 746 1528 aliquid
768 1478 886 1525 scire;
910 1480 979 1514 sed
1002 1478 1271 1515 necessarium
1296 1479 1343 1514 ad
1368 1477 1573 1514 sciendum

269 1547 325 1575 est
359 1551 421 1575 ars
454 1538 617 1575 amandi
648 1540 777 1574 Deum
811 1545 848 1572 et
882 1535 1149 1584 cognoscendi
1193 1535 1233 1572 in
1278 1535 1422 1583 quibus
1454 1534 1575 1571 offen-

269 1596 388 1643 ditur,
423 1609 512 1633 cum
547 1595 662 1633 aliter
695 1595 880 1632 deficeret
914 1594 1035 1630 homo
1068 1607 1090 1630 a
1123 1593 1257 1630 debito
1291 1594 1361 1629 Dei
1395 1591 1575 1628 servicio.

268 1655 360 1690 Ideo
413 1653 542 1690 omnis
595 1655 716 1689 homo
769 1661 927 1688 tenetur
979 1653 1050 1688 sub
1102 1663 1206 1699 pena
1251 1650 1431 1687 mortalis
1479 1649 1576 1685 illud

212 1717 251 1749 25
270 1723 509 1759 cognoscere
542 1719 579 1748 et
610 1723 679 1759 per
713 1722 960 1758 consequens
994 1721 1236 1756 cognoscere
1268 1708 1405 1745 omnia
1429 1707 1576 1743 Christi

270 1770 460 1806 mandata
492 1769 572 1805 sive
606 1768 770 1805 consilia
804 1777 841 1804 et
872 1767 913 1803 in
945 1767 1175 1815 particulari
1202 1766 1338 1803 omnia
1369 1765 1443 1802 sibi
1468 1777 1577 1801 man-

270 1828 363 1863 data
393 1827 453 1864 vel
497 1827 681 1863 consulta
725 1839 747 1862 a
779 1828 863 1861 Deo
908 1826 979 1861 sub
1024 1837 1126 1872 pena
1159 1824 1358 1869 criminis;
1403 1835 1475 1859 nec
1520 1831 1578 1858 est

269 1886 344 1921 hoc
388 1884 631 1933 inpossibile,
678 1897 766 1920 cum
812 1883 949 1919 omnia
993 1891 1085 1918 sunt
1126 1883 1219 1918 hoc:
1254 1890 1366 1917 tuum
1413 1880 1577 1928 diligere

268 1944 397 1979 Deum
430 1943 548 1979 oculo
582 1941 754 1989 simplici
787 1953 907 1987 super
938 1940 1112 1988 singulas
1135 1948 1351 1977 creaturas,
1387 1939 1577 1983 Quando-

213 2006 254 2038 30
270 2012 426 2048 cunque
471 2012 563 2047 ergo
608 1999 696 2047 quis
741 2011 783 2035 ex
828 1997 1061 2046 ignorancia
1107 1997 1255 2033 actuali
1288 1997 1346 2032 vel
1386 1995 1577 2032 habituali

268 2057 434 2094 offendit
477 2057 517 2093 in
563 2058 666 2094 hanc
713 2056 942 2099 maximam,
988 2055 1221 2102 ignorancia
1259 2062 1432 2090 accusat.
1487 2054 1577 2089 Ideo

150 2124 231 2161 224⁵
268 2115 368 2153 sicut
413 2116 585 2163 quedam
631 2113 866 2162 ignorancia
911 2114 1073 2161 prodest
1117 2121 1160 2148 ut
1204 2112 1437 2160 ignorancia
1466 2106 1470 2162 l
1498 2119 1576 2146 tar-

269 2172 458 2209 dancium
493 2172 678 2209 affectum
712 2173 760 2208 ab
793 2171 868 2207 isto
901 2169 1081 2215 servicio,
1115 2170 1170 2206 sic
1202 2169 1434 2217 ignorancia
1463 2167 1577 2204 huius

269 2230 441 2267 maxime
471 2229 673 2266 sentencie
701 2238 830 2275 nocet,
865 2237 902 2265 et
924 2229 979 2265 ita
1001 2228 1103 2264 sicut
1125 2226 1360 2275 ignorancia
1388 2225 1577 2273 diligendi

213 2293 251 2326 35
269 2291 396 2324 Deum
431 2301 511 2324 non
544 2300 614 2335 per
646 2300 686 2325 se
719 2296 878 2324 excusat
911 2299 932 2322 a
966 2285 1133 2322 crimine
1162 2286 1230 2321 sed
1254 2282 1577 2321 concomitancia

269 2346 358 2382 talis
390 2345 621 2393 ignorancie
667 2358 756 2381 cum
789 2345 873 2381 zelo
907 2343 1091 2392 placendi
1125 2345 1207 2378 Deo
1240 2350 1399 2378 excusat
1432 2353 1454 2377 a
1488 2352 1577 2388 pec-

270 2403 347 2440 cati
391 2402 616 2451 gravedine,
660 2402 762 2438 sicut
806 2410 914 2450 patet
958 2402 1004 2437 de
1048 2401 1232 2448 apostolo
1277 2409 1314 2435 et
1355 2398 1489 2434 multis
1521 2398 1578 2434 in-

270 2460 465 2511 fidelibus,
509 2461 564 2497 sic
609 2459 797 2508 fragilitas
841 2460 890 2496 ad
928 2460 1175 2507 peccandum
1214 2469 1295 2493 non
1334 2469 1403 2504 per
1444 2468 1487 2492 se
1517 2468 1578 2491 ex-

270 2527 382 2555 cusat
413 2532 435 2555 a
468 2518 648 2562 crimine,
681 2518 749 2554 sed
779 2515 1102 2554 concomitancia
1124 2515 1213 2551 talis
1236 2513 1462 2562 fragilitatis

212 2586 362 2615 40vera
414 2575 639 2624 penitencia
691 2584 849 2611 excusat
894 2587 915 2611 a
965 2572 1118 2621 peccati
1162 2571 1386 2620 gravedine,
1440 2579 1478 2606 et
1521 2570 1577 2606 sic

270 2632 448 2681 intelligo
480 2633 698 2681 scripturas
737 2642 773 2669 et
812 2632 917 2668 dicta
954 2640 1183 2668 sanctorum
1217 2630 1256 2666 in
1289 2629 1363 2666 ista
1396 2627 1574 2664 materia.

341 2820 365 2839 2.
387 2813 482 2840 Cod.:
507 2813 531 2840 I.
556 2813 628 2841 Cor.
649 2812 685 2840 X.
776 2811 812 2839 15.
835 2811 931 2839 Cod.:
952 2809 1111 2838 consuluit.
1197 2808 1238 2836 16.
1261 2808 1356 2836 Cod.:
1377 2806 1576 2844 ignorancz'a.

1780 225 1855 262 551

1617 1196 1666 1222 All
1689 1196 1833 1223 counsels

1604 1231 1746 1257 summed
1769 1239 1808 1264 up
1830 1230 1861 1257 in

1627 1265 1731 1300 loving
1753 1264 1833 1292 God.

1622 2401 1735 2437 Frailty
1758 2401 1782 2428 is
1803 2411 1842 2429 no

1611 2444 1720 2463 excuse
1741 2436 1844 2464 unless

1627 2471 1772 2499 followed
1794 2472 1831 2507 by

1486 2525 1575 2549 cum
1601 2511 1667 2534 true
1683 2506 1851 2541 penitence.
