2050 3292
248 216 339 247 CAP.
358 208 469 264 xxm]
717 219 851 254 [ABER
877 220 1084 255 TERTIUS.
1752 217 1831 265 467

248 329 287 364 in
320 331 377 364 De
410 329 515 365 Cura
549 328 741 364 Pastorali
781 328 954 376 capitulo
986 330 1031 374 X,
1076 329 1143 365 ubi
1177 330 1305 374 docet,
1345 330 1550 376 quomodo

247 398 418 434 persona
442 386 607 422 Domino
631 386 824 435 incognita
849 387 909 422 vel
930 394 1064 422 contra
1096 399 1207 436 quam
1242 386 1437 429 irascitur,
1470 399 1549 421 non

248 452 304 480 est
337 452 452 491 aptus
486 443 684 479 mediator
715 445 764 479 ad
797 443 1092 491 impetrandum
1133 444 1245 480 alteri
1278 445 1494 492 quidquam
1529 456 1550 479 a

248 501 422 537 Domino
454 513 524 536 nec
559 500 683 537 eciam
718 500 791 537 sibi
824 501 910 548 ipsi.
953 502 1004 547 Si,
1038 501 1179 549 inquit,
1214 502 1326 538 homo
1359 508 1450 550 aput
1483 502 1548 536 l10-

215 559 399 608 5minem,
424 560 470 593 de
491 570 562 606 quo
585 559 737 594 minime
755 559 957 607 presumit,
982 559 1077 606 fieri
1098 560 1329 595 intercessor
1352 559 1549 603 erubescit,

246 629 318 665 qua
352 624 474 652 mente
505 623 594 664 aput
620 616 827 651 Dominum
852 617 1132 652 intercessionis
1158 618 1280 652 locum
1300 629 1376 666 pro
1405 617 1549 665 populo

246 674 400 722 arripit,
434 674 497 721 qui
517 674 761 721 familiarem
795 686 835 709 se
867 686 947 710 esse
978 675 1057 710 eius
1083 675 1220 725 gracie
1247 687 1320 723 per
1344 674 1417 709 vite
1439 674 1550 709 meri-

247 739 324 767 tum
359 731 505 767 nescit?
546 731 622 766 Aut
664 732 710 766 ab
754 744 795 766 eo
840 733 1027 778 quomodo
1073 732 1159 767 aliis
1193 733 1338 767 veniam
1366 732 1550 780 postulat,

247 789 310 837 qui
341 796 469 824 utrum
503 788 575 824 sihi
616 789 663 823 sit
692 789 872 836 placatus
906 790 1093 838 ignorat?
1133 790 1217 833 Qua
1255 790 1290 824 in
1329 802 1370 824 re
1405 796 1457 824 est
1482 789 1550 823 ad-

195 847 319 881 Iolzuc
350 847 456 881 aliud
498 846 687 881 solicicius
710 847 1012 893 formidandum
1058 859 1102 882 ne
1143 847 1209 895 qui
1239 847 1404 895 placare
1437 858 1551 895 posse

247 904 346 939 iram
392 904 565 939 creditur
608 904 704 938 lianc
747 904 782 938 in
828 916 868 939 se
913 916 962 939 ex
1000 904 1165 952 proprio
1200 912 1308 939 reatu
1341 911 1549 939 mereatur.

252 961 387 996 Cuncti
429 961 524 996 enim
571 961 711 1009 liquide
753 961 938 1007 novimus,
970 962 1071 1010 quia,
1104 974 1187 997 cum
1222 962 1252 997 is
1284 962 1347 1009 qui
1378 961 1551 1010 displicet

246 1020 296 1053 ad
328 1019 635 1054 intercedendum
670 1019 846 1061 mittitur,
879 1019 971 1054 irati
1001 1019 1151 1055 animus
1174 1020 1225 1054 ad
1248 1019 1441 1054 deteriora
1459 1031 1551 1067 pro—

247 1083 418 1112 vocatur.
460 1076 535 1119 Qui
564 1076 687 1125 igitur
718 1077 768 1111 ad
801 1078 870 1112 hoc
888 1077 1053 1112 terrenis
1077 1077 1276 1112 desideriis
1299 1077 1548 1126 astringitur,

195 1137 230 1168 15
247 1141 379 1169 caveat
422 1146 467 1169 ne
511 1134 677 1169 districti
718 1134 816 1169 iram
862 1134 997 1169 iudicis
1027 1135 1193 1184 gravius
1224 1135 1420 1179 accedens,
1461 1135 1551 1169 dum

247 1193 329 1228 loco
362 1192 576 1227 delectatur
605 1191 734 1241 glorie
754 1192 832 1240 fiat
863 1192 1024 1227 subditis
1055 1199 1192 1228 auctor
1224 1192 1344 1228 ruine.

305 1250 480 1284 Solerter
503 1249 624 1299 igitur
645 1261 685 1284 se
705 1250 861 1297 quisque
883 1250 1082 1295 meciatur,
1118 1262 1162 1286 ne
1194 1251 1317 1285 locum
1352 1249 1553 1300 regiminis

132 1308 208 1353 189b
246 1319 442 1342 assumere
470 1304 473 1357 1
502 1308 654 1351 audeat,
687 1307 721 1342 si
750 1308 875 1342 adlzuc
905 1308 1061 1355 aliquod
1093 1308 1229 1343 vicium
1254 1308 1352 1343 inse
1370 1308 1552 1355 dampna—

246 1365 373 1400 biliter
416 1372 568 1414 regnat,
614 1376 658 1399 ne
701 1364 732 1400 is
773 1377 882 1413 quem
928 1366 1071 1401 crimen
1117 1366 1303 1414 depravat
1330 1365 1550 1413 proprium,

191 1437 231 1457 20
247 1422 586 1471 intercessorfierJ'
606 1429 760 1470 appetat
778 1435 854 1470 pro
878 1423 1000 1471 culpis
1022 1423 1201 1459 aliorum.
1232 1424 1346 1459 Unde
1370 1422 1551 1469 Registro

247 1480 349 1515 libro
382 1479 512 1527 primo
546 1479 710 1527 epistola
734 1481 835 1515 XXV
869 1480 1127 1528 conqueritur
1157 1480 1327 1516 Johanni
1359 1482 1552 1516 Constan-

247 1537 526 1585 tinopolitano,
561 1537 726 1584 Eulogio
773 1546 809 1573 et
854 1538 941 1574 aliis
974 1539 1022 1574 de
1053 1539 1231 1586 pondere
1264 1537 1385 1574 officii
1419 1546 1551 1585 pasto-

246 1595 357 1632 ralis:
399 1595 513 1638 Quid,
551 1594 693 1643 inquit,
732 1596 889 1632 antistes
926 1609 947 1631 a
986 1596 1153 1631 Domino
1191 1596 1265 1631 nisi
1295 1608 1371 1644 pro
1406 1595 1553 1630 delictis

242 1653 387 1702 populo
420 1653 651 1688 intercessor
681 1653 870 1702 eligitur?
908 1654 1006 1702 Qua,
1038 1653 1181 1703 inquit7
1202 1654 1353 1702 fiducia
1386 1654 1436 1687 ad
1468 1666 1549 1688 eum

191 1715 314 1759 25pr0
342 1710 511 1759 peccatis
543 1710 677 1746 alienis
709 1710 940 1747 intercessor
972 1711 1079 1747 venio
1111 1718 1204 1759 aput
1238 1723 1344 1760 quem
1380 1712 1425 1746 de
1457 1723 1551 1758 pro-

242 1768 342 1817 priis
373 1780 531 1804 securus
562 1780 634 1804 non
666 1769 781 1804 sum?
832 1769 929 1805 Esse
960 1769 1083 1819 igitur
1111 1769 1302 1805 mediator
1334 1769 1472 1817 populi
1501 1769 1552 1802 ad

246 1827 373 1862 Deum
407 1826 531 1873 timeo,
577 1826 639 1861 cui
670 1826 916 1874 familiarem
956 1839 1015 1862 me
1046 1839 1127 1862 esse
1159 1839 1233 1875 per
1266 1827 1341 1861 vite
1372 1826 1549 1861 meritum

246 1896 319 1919 non
351 1896 535 1932 agnosco.
589 1884 666 1919 Sed
696 1884 822 1919 adhuc
846 1892 1022 1933 superest
1045 1885 1209 1934 gravius
1232 1883 1550 1931 formidandum,

247 1942 332 1989 quia
364 1942 459 1977 sicut
491 1941 617 1977 cuncti
647 1941 789 1989 liquido
821 1942 1007 1986 novimus,
1041 1955 1123 1977 cum
1152 1942 1183 1978 is
1206 1942 1269 1989 qui
1300 1941 1471 1990 displicet
1502 1941 1553 1975 ad

191 2004 232 2035 30
248 2000 558 2035 intercedendum
593 1999 759 2034 mittitur
791 1999 883 2034 irati
917 2000 1067 2035 animus
1099 2001 1149 2034 ad
1182 2000 1377 2035 deteriora
1406 2010 1550 2047 provo-

247 2065 370 2093 catur.
422 2057 473 2092 Et
515 2056 628 2092 valde
666 2057 897 2105 pertimesco
942 2069 987 2092 ne
1030 2057 1232 2093 commissa
1278 2057 1394 2092 michi
1443 2056 1552 2104 plebs

247 2114 427 2164 fidelium
468 2121 598 2150 reatus
637 2114 712 2149 mei
746 2115 1007 2150 additamento
1046 2115 1237 2163 depereat,
1276 2115 1382 2150 cuius
1415 2113 1551 2148 delicta

246 2173 436 2220 hucusque
468 2172 657 2207 Dominus
689 2172 939 2220 equanimiter
969 2173 1189 2210 tollerabat„

178 2235 207 2265 K
305 2232 359 2265 Ex
380 2230 446 2265 illa
470 2229 671 2266 sentencia
696 2229 810 2265 huius
833 2230 958 2266 sancti
974 2229 1130 2266 videtur
1152 2229 1276 2265 tercio
1300 2241 1369 2276 per
1386 2229 1550 2264 modum
1612 2244 1751 2272 Whence
1772 2245 1793 2271 it

191 2291 230 2325 35
248 2287 451 2323 correlarii
496 2288 603 2335 quod
649 2287 875 2334 expedicius
919 2288 1020 2323 foret
1053 2287 1215 2323 ecclesie
1250 2298 1384 2323 carere
1417 2286 1551 2321 huius-
1567 2288 1725 2341 Ηῗὲῐῗξθὲιῖἓ
1743 2280 1839 2349 ggflges

248 2344 357 2381 modi
389 2358 505 2393 papa,
541 2345 743 2393 episcopo,
778 2354 930 2391 curato,
965 2357 1221 2392 quocumque
1254 2343 1457 2392 preposito
1492 2344 1551 2379 vel
1595 2349 1722 2387 bishops
1743 2354 1811 2383 etc„

193 2422 196 2425 <
248 2402 529 2439 elemosinario
561 2412 733 2448 oratore,
768 2405 1035 2439 convertendo
1069 2403 1141 2438 sibi
1175 2401 1440 2438 ministerium
1473 2402 1551 2437 col-
1568 2385 1637 2445 wlgg
1653 2384 1831 2453 gwiggplsstnxggedn

246 2461 371 2497 latum
404 2460 445 2496 in
478 2460 577 2497 alios
610 2460 697 2508 pios
729 2473 823 2496 usus
856 2473 975 2508 quam
1011 2461 1156 2496 habere
1177 2461 1298 2495 talem
1322 2471 1549 2506 perversum
1660 2453 1746 2479 with.

248 2518 287 2553 in
331 2518 483 2555 diviciis
528 2527 564 2554 et
597 2518 722 2565 gloria
755 2518 874 2555 seculi
908 2517 1202 2565 quantumlibet
1242 2517 1553 2554 habundantem.

318 2695 359 2714 10.
381 2686 476 2714 Cod.:
496 2687 585 2714 aliud
604 2687 766 2714 sollicitus.
839 2695 877 2714 21.
894 2687 989 2714 Cod.e
1006 2686 1110 2713 XXIV.
1183 2694 1226 2713 22.
1243 2686 1320 2713 Cod.
1333 2694 1339 2713 τ
1354 2685 1500 2721 Eulegio.

322 2780 348 2800 1.
376 2771 421 2802 St.
450 2770 604 2811 Gregorii
632 2770 783 2811 Regulae
810 2769 992 2801 Pastoralis
1019 2770 1041 2813 Ι,
1068 2779 1141 2810 cap.
1159 2770 1198 2808 X,
1227 2769 1318 2810 Opp.
1338 2775 1422 2800 tom.
1442 2768 1478 2810 ll,
1504 2779 1552 2800 10.

254 2826 303 2856 ¹7·
330 2816 351 2848 l.
380 2826 407 2849 c,
434 2826 507 2857 cap.
532 2817 587 2847 XI.
683 2826 735 2849 20.
766 2817 850 2847 Ibid.
876 2826 952 2857 pag.
981 2816 1056 2858 507.
1154 2815 1206 2846 26.
1236 2815 1383 2856 Loosely
1410 2815 1553 2856 quoted.

1351 2872 1419 2903 30*
