2050 3292
248 407 415 442 Judgment
435 406 470 433 of

282 442 373 476 Hugh
393 441 427 468 of

230 477 262 504 S.
278 476 394 509 Victor,
415 477 486 502 who

259 511 363 537 thinks
384 510 447 537 Eve

271 547 320 572 the
340 553 440 572 worse

297 580 412 607 sinner.

291 2134 435 2170 Wyclif's

307 2170 404 2205 reply.

927 234 985 265 DE
1014 233 1148 265 cmm
1175 233 1386 265 DOMiNIO.
1585 218 1692 278 [cm.
1713 227 1807 258 xxv.

509 342 638 389 primo
672 342 732 377 Dc
765 340 1033 377 §aeramentis
1067 348 1179 387 parte
1208 341 1257 375 VI
1292 339 1468 387 capitulo
1503 340 1551 377 X:
1598 338 1716 383 Sicut,
1757 339 1813 373 in-

508 399 604 447 quit,
638 399 727 435 dicit
758 399 983 447 Apostolus:
1025 398 1171 433 Mulier
1201 398 1357 434 seducta
1392 404 1459 445 cst7
1499 409 1569 432 uon
1605 396 1676 434 vir.
1727 396 1813 430 Eva

507 457 644 506 quippe
665 457 820 493 seducta
845 463 911 502 est,
944 455 1030 504 quia
1055 467 1186 491 verum
1211 467 1290 491 esse
1312 454 1476 490 credidit
1498 454 1598 502 quod
1621 453 1813 504 dyabolus

510 515 620 550 dixit.
654 514 705 549 Et
739 514 882 549 idcirco
915 525 986 549 non
1017 513 1140 549 solum
1178 513 1461 549 similitudinem
1492 512 1568 547 Dei
1600 510 1815 546 inordinate

509 584 593 607 cum
637 571 797 608 sciencia
842 571 930 606 boni
965 578 1000 606 et
1031 571 1126 606 mali
1155 570 1315 619 appeciit
1346 570 1413 606 sed
1451 569 1486 604 in
1520 575 1663 604 tantam
1696 564 1846 604 eciam-3

504 629 692 678 prolapsa
733 629 1031 677 perversitatem
1082 635 1256 677 putatur,
1308 635 1345 662 ut
1373 624 1378 678 1
1407 628 1531 662 Deum
1577 638 1626 662 ex
1672 625 1814 661 invidia

509 687 655 737 lignum
688 686 847 722 sciencie
878 685 967 721 honi
996 692 1031 721 et
1063 686 1155 721 mali
1187 685 1332 721 lzomini
1362 684 1523 720 vetuisse
1549 684 1738 729 crederet,
1771 695 1816 718 ne

508 744 587 792 ipse
619 744 731 779 homo
777 755 827 779 ex
859 755 900 779 eo
931 743 1126 793 gustando
1159 743 1210 777 ad
1242 742 1482 790 equalitatem
1516 741 1592 776 Dei
1622 740 1815 790 proficere

504 801 699 850 potuisset.
753 801 838 836 Hec
889 800 985 835 enim
1038 808 1093 836 est
1144 800 1209 835 illa
1258 812 1446 848 perversa
1495 798 1703 835 similitudo
1748 810 1816 846 que

508 866 685 895 creature
717 870 788 894 non
822 858 1005 900 convenit,
1040 869 1110 905 que
1141 870 1191 894 ex
1222 857 1440 893 imitacione
1471 869 1542 892 non
1575 855 1817 905 componitur

506 918 574 952 sed
606 929 656 953 ex
687 916 992 965 comparacione.
1046 916 1159 951 Hanc
1198 915 1320 965 igitur
1352 915 1492 950 mulier
1529 915 1564 950 in
1596 914 1814 963 superbiam

508 975 607 1010 elata
630 974 811 1024 appeciit5
833 981 867 1011 et
890 986 934 1009 ne
957 974 1053 1009 lianc
1076 974 1217 1008 habere
1234 973 1434 1022 potuisset,
1458 973 1579 1021 ipsum
1600 979 1814 1007 creatorem

508 1032 650 1067 invidia
697 1040 838 1068 tactum
883 1031 1030 1081 lignum
1075 1032 1146 1066 tzoc
1186 1030 1347 1067 vetuisse
1386 1030 1548 1079 putauit.
1591 1029 1816 1065 Voluntaria

508 1090 629 1140 igitur
661 1090 813 1126 malicia
846 1101 884 1125 se
916 1097 1050 1124 contra
1084 1096 1299 1125 creatorem
1326 1101 1435 1124 suum
1459 1088 1597 1136 erexit,
1630 1099 1817 1136 perverse

508 1156 643 1184 contra
683 1148 804 1196 ipsum
841 1147 1001 1183 volendo
1034 1154 1068 1182 et
1101 1147 1147 1182 de
1178 1146 1259 1195 ipso
1292 1147 1404 1195 impie
1440 1145 1661 1189 senciendo5
1691 1145 1814 1180 Adam
1858 1146 1872 1179 Ξ

509 1217 600 1242 vero
624 1218 696 1241 non
720 1213 773 1241 est
795 1206 987 1251 seductus,
1009 1204 1096 1252 quia
1118 1205 1221 1253 quod
1244 1205 1437 1255 dyabolus
1456 1203 1638 1252 promisit
1660 1202 1814 1250 falsum

508 1275 588 1299 esse
618 1263 780 1309 sciebat,·
812 1274 928 1311 neque
959 1262 1104 1298 idcirco
1131 1274 1290 1311 pomum
1325 1262 1478 1298 vetitum
1514 1260 1677 1297 comedit
1709 1260 1818 1308 quasi

504 1333 578 1370 per
615 1321 721 1356 illam
762 1320 1028 1356 comestionem
1062 1320 1146 1355 Deo
1184 1332 1224 1355 se
1257 1319 1465 1369 parificari
1494 1330 1609 1368 posse
1641 1319 1816 1354 crederet

507 1379 588 1414 sive
620 1378 743 1427 vellet)
782 1379 851 1413 sed
882 1378 1028 1413 tantum
1062 1389 1106 1413 ne
1138 1378 1309 1413 mulieris
1345 1378 1513 1413 animum
1547 1388 1616 1424 que
1647 1375 1718 1412 sibi
1743 1387 1817 1424 per

508 1437 684 1485 affectum
719 1435 937 1472 dileccionis
967 1434 1111 1471 sociata
1134 1435 1275 1483 suerat
1308 1435 1386 1471 eius
1413 1434 1596 1484 peticioni
1616 1440 1650 1469 et
1684 1433 1814 1469 volun-

508 1494 580 1529 tati
610 1494 820 1529 resistendo
853 1492 1123 1537 contristaret5
1165 1493 1336 1528 maxime
1378 1492 1465 1541 quia
1505 1491 1657 1540 putavit
1699 1502 1738 1527 se
1783 1498 1817 1526 et

510 1551 664 1587 mulieri
695 1564 840 1587 morem
869 1562 1012 1600 gerere
1044 1557 1079 1586 et
1105 1557 1238 1598 postea
1267 1562 1341 1599 per
1368 1549 1619 1599 penitenciam
1654 1556 1689 1585 et
1714 1548 1818 1584 venie

505 1609 807 1658 postulacionem
842 1609 1014 1644 creatori
1039 1620 1155 1656 posse
1181 1609 1351 1657 placere.
1394 1608 1489 1643 Vere
1520 1607 1643 1657 igitur
1676 1606 1815 1642 dictum

510 1675 564 1703 est
596 1667 684 1715 quia
718 1667 842 1702 minus
869 1666 1044 1715 peccavit
1076 1666 1140 1713 qui
1171 1667 1216 1701 de
1243 1666 1457 1714 penitencia
1491 1672 1524 1700 et
1547 1664 1817 1700 misericordia

509 1725 707 1774 cogitavit,
748 1725 922 1773 peccavit
964 1731 1090 1759 tamen
1123 1724 1208 1772 quia
1235 1723 1412 1772 peccanti
1449 1722 1635 1759 consensit
1669 1729 1702 1758 et
1730 1733 1818 1771 pec-

510 1790 656 1818 cantem
703 1795 774 1818 uon
819 1782 1005 1819 correxit.
1061 1782 1131 1817 Hic
1176 1781 1331 1817 videtur
1370 1783 1490 1817 Evam
1537 1793 1617 1816 non
1661 1788 1817 1816 tantum

509 1841 713 1876 seductam
750 1849 791 1876 ut
824 1839 979 1883 dicitur,
1025 1839 1078 1875 sic
1122 1840 1230 1887 quod
1263 1840 1322 1876 vel
1366 1837 1534 1874 credidit
1567 1837 1747 1885 explicite
1779 1849 1819 1873 se

510 1898 709 1946 parificari
756 1910 871 1945 posse
905 1899 987 1933 Deo
1032 1898 1070 1932 in
1115 1897 1287 1934 sciencia
1319 1897 1376 1934 vel
1417 1898 1542 1932 Deum
1588 1897 1663 1932 hoc
1709 1907 1816 1931 esum

509 1965 661 1992 vetasse
694 1968 737 1991 ex
769 1955 932 1999 invidia,
979 1967 1066 1991 cum
1111 1963 1245 1991 tamen
1279 1967 1351 1991 nos
1383 1966 1463 1990 non
1498 1966 1710 2002 possumus
1743 1954 1819 1989 hoc

511 2015 691 2059 credere;
734 2013 823 2049 ideo
853 2010 856 2066 ι
887 2013 981 2049 dicit
1016 2015 1129 2061 Hugo
1173 2012 1374 2060 opinative
1418 2013 1525 2060 quod
1558 2011 1820 2048 verisimiliter

504 2079 666 2120 putatur
697 2071 750 2107 sic
790 2083 992 2120 peccasse;
1035 2082 1078 2106 ex
1122 2079 1227 2107 textu
1271 2078 1405 2107 tamen
1438 2069 1618 2117 Apostoli
1663 2076 1819 2118 oportet

511 2128 642 2165 dicere
676 2130 783 2176 quod
816 2128 951 2177 aliquo
984 2130 1110 2177 gradu
1142 2128 1372 2176 ignorancie
1405 2129 1568 2164 seducta
1598 2135 1655 2164 est
1679 2126 1820 2163 mulier

511 2199 588 2235 qua
620 2188 746 2223 Adam
781 2199 860 2222 non
891 2195 947 2223 est
970 2188 1174 2234 seductus3
1208 2187 1276 2222 sed
1299 2198 1376 2234 que
1398 2185 1471 2222 fnit
1495 2185 1563 2222 illa
1585 2184 1819 2233 ignorancia

511 2253 568 2280 est
600 2244 714 2281 nobis
748 2244 995 2292 ambiguum.
1030 2246 1163 2280 Potest
1195 2252 1329 2280 autem
1364 2256 1447 2280 esse
1480 2244 1588 2291 quod
1622 2244 1702 2279 Eva
1736 2254 1819 2279 cre-

511 2302 611 2338 didit
655 2314 698 2338 ex
743 2314 810 2338 esu
844 2302 954 2338 vetiti
999 2314 1038 2338 se
1083 2314 1168 2338 esse
1212 2300 1443 2338 notabiliter
1487 2299 1736 2338 sancciorem
1776 2308 1820 2335 ut

510 2360 672 2407 angelos
716 2368 752 2395 et
797 2361 904 2408 quod
949 2368 1180 2407 preceptum
1226 2360 1353 2396 solum
1401 2357 1706 2395 comminatorie
1749 2357 1821 2393 fuit

511 2419 646 2453 datum
678 2425 714 2453 et
748 2418 855 2465 quod
887 2430 967 2453 non
996 2417 1174 2465 percepit
1196 2416 1419 2454 versuciam
1444 2416 1656 2464 serpentis;
1689 2416 1818 2452 Adam

511 2483 641 2510 autem
695 2474 860 2511 omnino
910 2484 1087 2519 econtra,
1145 2487 1190 2511 eo
1236 2476 1343 2523 quod
1386 2474 1469 2522 ipse
1513 2473 1624 2510 scivit
1667 2473 1818 2509 nullam

512 2540 736 2568 creaturam
763 2545 877 2580 posse
900 2532 1121 2581 inpugnare
1152 2531 1451 2580 providenciam
1484 2532 1543 2568 vel
1575 2530 1817 2567 sentenciam

1854 637 1872 659 [Q

1837 869 1874 888 10

1835 1723 1873 1756 25

512 2589 596 2625 Dei.
625 2592 723 2626 Nam
750 2599 786 2626 et
809 2590 863 2626 sic
881 2603 961 2626 non
986 2590 1152 2627 credidit
1167 2589 1338 2638 serpenti
1355 2589 1487 2638 quoad
1510 2587 1819 2637 repugnanciam
1835 2600 1878 2630 40

512 2646 644 2683 divine
672 2647 871 2684 sentencie
904 2660 976 2685 nec
1011 2648 1176 2684 credidit
1200 2650 1326 2684 Deum
1353 2648 1479 2684 solum
1512 2645 1821 2683 comminatorie

580 2812 623 2838 27.
650 2804 695 2831 vel
715 2803 743 2831 in
766 2812 862 2839 marg.
885 2805 941 2831 alia
964 2811 1066 2831 manu,
1151 2803 1192 2831 35.
1215 2803 1309 2831 (2001st
1336 2803 1520 2832 sam-viores.
1594 2801 1636 2838 33,
1657 2801 1704 2837 39.
1726 2801 1811 2829 Cod.:

510 2839 623 2866 nullam
643 2843 790 2867 creatam.

1882 642 1894 655 a
1880 629 1893 639 0

1902 636 1920 658 Ν

1924 631 1936 643 n
