2050 3292
248 209 336 238 CAP.
356 199 466 257 xx11.]
715 212 850 243 LIBER
876 211 1085 244 TERTius.

134 324 209 356 180⁰
246 327 304 357 est
331 319 336 368 Ι
364 317 586 367 generalior
617 325 655 354 et
684 316 858 365 grossior
891 330 1010 367 quam
1045 317 1111 354 alii
1144 325 1182 354 et
1213 315 1410 365 posterior
1437 314 1551 363 spiri-

244 376 392 413 tualior
424 385 543 424 atque
576 375 759 412 subtilior
791 375 833 411 in
865 384 950 412 arta
983 376 1124 413 semita
1157 374 1271 423 quasi
1304 382 1434 422 potus.

304 437 346 471 In
379 442 607 481 tegumento
639 441 730 469 sunt
762 433 938 469 induicio
961 442 998 470 et
1021 433 1258 482 hospitaci07
1292 431 1434 480 quibus
1466 443 1551 466 cor—

246 493 459 540 respondet
504 491 709 539 correpcio
753 490 1067 538 superinducens
1124 491 1309 527 virtutem
1356 502 1433 537 que
1493 496 1552 525 est

215 549 362 588 §vestis
395 549 541 593 anime,
576 558 612 585 et
647 548 875 585 consolacio
899 548 1032 585 oriens
1064 561 1183 596 super
1207 548 1341 596 fidem,
1374 559 1485 594 spem
1516 554 1554 581 et

247 607 466 657 caritatem,
507 619 583 654 que
627 606 874 643 constituunt
920 608 1084 643 domum
1119 605 1251 643 anime
1284 613 1322 642 et
1358 604 1456 641 alias
1478 603 1554 639 vir-

246 674 349 701 tutes
383 665 567 701 morales.

303 722 561 758 Accidentale
582 734 674 758 vero
699 721 878 769 corporis
902 730 1190 757 nocumentum
1216 729 1293 757 stat
1316 719 1355 756 in
1385 720 1554 765 duobus,

245 780 395 817 scilicet
439 780 479 815 in
522 779 801 816 infirmacione
846 787 882 815 et
913 778 1260 827 incarceracione3
1305 779 1373 814 sed
1413 777 1556 824 duplex

195 855 232 876 10
248 838 487 886 principium
522 836 696 874 nocendi
729 838 777 873 ab
811 836 1040 882 intrinseco,
1076 836 1219 885 quibus
1244 836 1557 884 correspondent

246 895 389 932 iniurie
427 895 604 931 dimissio
644 897 778 942 quoad
814 894 1089 931 visitacionem
1129 893 1278 930 infirmi
1321 902 1357 929 et
1389 892 1557 929 tribula-

247 953 373 990 cionis
404 953 581 989 virtuosa
604 952 758 1000 ,passio
803 953 937 1000 quoad
983 951 1261 1000 recepcionem
1295 949 1557 998 incarcerati;

247 1012 407 1060 quando
441 1010 545 1047 enim
571 1010 657 1059 quis
691 1009 779 1045 miti
813 1011 934 1046 modo
968 1010 1135 1046 dimittit
1166 1009 1344 1055 iniurias,
1378 1016 1495 1045 sanat
1517 1020 1558 1043 se

247 1082 269 1105 a
313 1069 437 1105 livore
482 1077 519 1104 et
562 1068 621 1105 ira
664 1067 917 1114 intrinsecus,
964 1067 1057 1116 quia
1102 1068 1292 1105 Proverb.
1333 1068 1449 1113 XVII,
1485 1076 1556 1103 22:

193 1127 406 1164 15Animus
435 1127 612 1176 gaudens
643 1133 779 1161 etatem
802 1125 994 1175 floridam
1019 1126 1143 1173 facit;
1182 1133 1218 1161 et
1250 1132 1364 1161 sanat
1394 1124 1559 1160 vulnera

247 1197 292 1221 ac
337 1184 569 1221 discrasiam
608 1183 649 1219 in
682 1182 818 1219 animo
856 1182 1021 1228 inimici,
1063 1184 1170 1231 quod
1209 1191 1267 1219 est
1298 1180 1560 1230 spiritualiter

245 1242 425 1288 visitare3
465 1241 547 1289 pati
579 1249 711 1278 autem
747 1240 912 1277 iniurias
946 1240 1118 1277 hostium
1161 1249 1219 1276 est
1252 1241 1346 1276 dare
1378 1238 1557 1287 precium

247 1313 320 1348 pro
365 1299 557 1348 spirituali
603 1298 939 1341 incarceracione,
988 1311 1077 1334 cum
1123 1299 1344 1334 Romanor.
1382 1297 1465 1343 XII,
1507 1305 1559 1334 20

246 1358 410 1394 dicitur:
444 1358 487 1393 Si
506 1357 687 1393 esurierit
708 1357 881 1392 inimicus
904 1364 1001 1400 tuus,
1025 1356 1107 1391 ciba
1131 1356 1253 1392 illum.
1288 1357 1337 1391 Et
1359 1354 1559 1402 sequitur:

190 1431 232 1452 20
248 1417 311 1452 Sic
343 1416 528 1452 carbones
560 1414 662 1465 ignis
693 1426 882 1464 congeres
911 1426 1029 1463 super
1060 1421 1174 1463 caput
1215 1413 1316 1458 eius;
1355 1414 1465 1461 quod
1504 1420 1561 1447 est

250 1486 440 1521 magnum
493 1472 673 1521 precium
726 1472 1001 1520 redempcioni
1053 1471 1250 1519 spirituali
1303 1469 1556 1507 conveniens.

249 1532 397 1568 Oracio
428 1544 522 1568 vero
567 1529 803 1568 abscondita
849 1531 1135 1578 correspondet
1178 1528 1344 1565 fossioni
1378 1536 1415 1564 et
1448 1526 1559 1564 omni

134 1594 211 1627 186¹1
251 1589 473 1626 ministerio
506 1596 770 1635 mortuorum,
800 1583 804 1641 Ι
834 1600 923 1624 cum
964 1601 1046 1625 non
1078 1595 1258 1635 superest
1297 1588 1344 1622 de
1377 1598 1441 1623 sex
1473 1584 1560 1621 aliis

250 1661 387 1684 eorum
427 1646 621 1683 directum
661 1645 907 1693 suffragium.
960 1648 1009 1682 Et
1047 1645 1183 1682 omnia
1215 1645 1290 1681 ista
1323 1644 1489 1680 fundata
1522 1642 1561 1678 in

195 1712 233 1744 25
251 1705 417 1742 caritate
448 1704 645 1753 impendit
678 1703 916 1740 christianus
940 1703 1121 1751 proximo
1145 1715 1191 1739 eo
1214 1702 1301 1750 ipso
1325 1715 1405 1750 quo
1429 1701 1561 1737 debite

251 1771 519 1801 conversatur.
559 1764 651 1799 Ideo
685 1764 732 1798 de
764 1761 849 1797 istis
881 1761 1057 1798 fundatis
1091 1761 1131 1797 in
1165 1762 1250 1808 lege
1281 1769 1422 1796 nature
1455 1772 1562 1796 com-

252 1821 409 1858 missiva
433 1820 675 1857 examinabit
698 1822 803 1856 Deus
828 1820 954 1855 bonos
977 1828 1015 1856 et
1039 1820 1166 1855 malos
1196 1818 1235 1854 in
1259 1817 1368 1854 finali
1391 1817 1561 1863 iudicio;

252 1889 289 1916 et
332 1879 433 1915 sicut
478 1891 592 1914 amor
636 1878 801 1914 istorum
849 1889 1014 1925 operum
1062 1876 1179 1913 traxit
1211 1876 1383 1912 iudicem
1420 1876 1469 1911 ad
1503 1874 1560 1910 in—

252 1935 504 1974 carnacionis
547 1938 777 1979 adventum,
822 1934 878 1971 sic
922 1947 1037 1971 amor
1075 1943 1112 1971 et
1143 1934 1281 1971 odium
1316 1945 1455 1970 eorum
1490 1931 1563 1968 erit

197 2001 237 2032 30
254 1994 422 2031 materia
466 1996 516 2030 ad
561 1993 730 2030 finaliter
774 1993 1047 2029 iudicandum.
1104 1992 1225 2029 Cuius
1269 1992 1411 2039 triplex
1454 1990 1562 2026 racio

252 2053 426 2101 ponitur,
472 2052 565 2100 quia
598 2051 790 2087 iudicium
833 2050 1107 2087 misericordie
1146 2049 1403 2098 consequitur
1442 2060 1564 2096 opera

256 2109 541 2155 misericordie,
575 2118 619 2145 ut
651 2108 747 2145 dicit
771 2108 951 2145 Christus
974 2109 1098 2144 Math.
1121 2109 1166 2154 V,
1194 2118 1235 2158 7:
1269 2107 1384 2143 Beati
1414 2106 1563 2142 miseri-

254 2170 404 2215 cordes,
428 2168 604 2217 quoniam
628 2167 701 2217 ipsi
722 2166 1030 2203 misericordiam
1048 2173 1338 2214 consequentur,
1372 2172 1409 2201 et
1430 2164 1566 2200 Jacobi

255 2229 299 2273 ΙΙ,
330 2238 396 2275 13:
428 2226 618 2261 Judicium
642 2225 722 2261 sine
744 2225 1013 2260 misericordia
1037 2224 1095 2259 illi
1115 2224 1179 2271 qui
1198 2236 1271 2260 non
1287 2223 1393 2271 facit
1416 2221 1564 2258 miseri-

199 2288 237 2322 35
255 2285 441 2321 cordiam.
489 2285 718 2320 Consonum
765 2291 822 2319 est
866 2281 987 2330 igitur
1033 2283 1139 2330 quod
1178 2281 1294 2317 iudex
1327 2279 1565 2316 iustissimus

256 2344 442 2379 ostendat
473 2340 529 2377 sic
562 2340 760 2377 iusticiam
794 2339 854 2376 sui
888 2339 1037 2375 iudicii.

314 2401 500 2436 Secunda
544 2411 662 2435 causa
708 2407 782 2434 est:
830 2397 939 2434 Sicut
983 2409 1102 2433 nemo
1141 2395 1305 2432 intrabit
1344 2395 1393 2431 ad
1426 2407 1564 2431 cenam

256 2458 513 2495 novissimam
553 2456 625 2493 nisi
664 2455 961 2504 superinduerit
1001 2454 1224 2500 caritatem,
1265 2453 1320 2490 sic
1353 2465 1471 2489 nemo
1505 2465 1566 2489 ex-

257 2516 436 2553 cludetur
474 2514 550 2551 nisi
583 2522 747 2562 propter
779 2514 975 2550 defectum
1010 2512 1127 2549 vestis
1160 2511 1390 2548 huiusmodi
1429 2510 1567 2559 nupci-

198 2588 243 2618 40
258 2573 348 2621 alis3
382 2586 471 2609 cum
506 2572 624 2620 igitur
657 2571 855 2620 perfeccio
893 2570 1051 2607 illorum
1091 2583 1258 2618 operum
1291 2569 1353 2605 vel
1391 2568 1566 2604 defectus

258 2643 396 2668 eorum
420 2639 457 2667 et
480 2630 624 2667 caritas
646 2630 706 2666 vel
729 2629 810 2665 eius
833 2628 1011 2677 privacio
1036 2636 1347 2675 consequuntur,
1365 2626 1567 2673 signanter

259 2689 507 2737 explicantur
538 2689 612 2725 hec
644 2700 767 2736 opera
800 2699 876 2735 que
909 2694 1000 2722 sunt
1034 2686 1242 2722 manifesta
1285 2684 1434 2720 iudicia
1470 2684 1566 2719 cari-

329 2824 357 2851 6.
378 2831 445 2858 que.
468 2822 562 2850 Cod.:
584 2830 681 2858 quem.
755 2829 800 2849 20.
822 2821 917 2850 Cod.:
938 2821 982 2848 sic
1001 2823 1066 2848 aut.

1758 204 1834 250 461

1602 440 1750 475 Clothing
1770 444 1800 466 to

1604 476 1730 510 reproof
1748 475 1806 502 and

1609 510 1813 543 consolation,

1614 731 1739 766 visiting
1759 730 1809 757 the

1653 766 1718 793 sick
1736 770 1767 793 to

1584 802 1775 842 forgiveness
1797 803 1828 829 of

1650 845 1763 873 injury.

1610 1527 1747 1564 Burying
1766 1530 1815 1556 the

1588 1563 1666 1591 dead
1687 1568 1716 1590 to
1739 1568 1836 1591 secret

1660 1606 1781 1634 prayer.
