2050 3292
221 239 299 278 532

219 591 286 619 The
311 590 367 617 evil
393 590 494 617 forces

295 625 324 652 in
348 626 398 651 the

255 659 380 698 Church
402 667 452 686 are

221 693 492 763 unffgfftffffssfipe,

247 1385 307 1412 and
329 1384 419 1412 claim
441 1388 472 1411 to

242 1420 335 1455 speak
357 1420 405 1446 for
423 1419 473 1446 the

294 1454 421 1481 Church

258 1489 461 1523 triumphant.

932 235 991 266 DE
1020 234 1155 265 Clvm
1182 234 1392 266 DOMINJO.
1583 226 1685 270 [CAP.
1708 230 1818 258 XXIV-

508 354 640 378 eorum
675 341 818 386 metuit,
855 341 942 375 a’um
978 340 1126 389 corripi
1156 340 1321 375 alterum
1353 339 1486 385 cernit,
1521 346 1555 374 et
1578 339 1661 374 ideo
1685 345 1818 375 contra

508 398 803 448 corripiencium
837 398 954 434 verba
988 397 1218 433 unanimiter
1250 396 1437 447 assurgit,
1471 396 1535 445 qui
1555 397 1680 432 omnia
1709 396 1821 432 divisi

508 457 661 508 corrigi
684 463 869 506 poterant
901 456 1139 503 iniquitatum
1168 467 1328 491 suarum
1357 454 1572 503 pertinacia
1609 454 1705 490 uniti
1732 466 1818 502 per-

509 516 665 550 durant.
705 513 815 550 Talis
848 511 1064 550 conneccio
1098 521 1155 549 est
1186 511 1305 549 hodie
1338 512 1377 549 in
1412 512 1501 547 filiis
1535 511 1749 556 sceleratis,
1784 519 1821 547 et

507 572 557 621 (si
589 573 647 609 fas
681 580 739 608 est
773 571 921 618 dicere)
956 570 1182 617 capitaliter
1213 569 1252 605 in
1287 572 1468 606 Romano
1502 569 1705 617 pontifice,
1751 571 1852 605 sedi*

507 629 751 679 pedetentim
776 629 816 665 in
839 629 919 665 suis
942 627 1178 664 satellitibus
1202 636 1238 664 et
1263 627 1404 664 diffuse
1427 639 1497 675 per
1518 636 1648 663 totum
1673 639 1818 675 corpus

509 689 782 725 membrorum
809 687 981 734 dyaboli,
1016 685 1083 734 qui
1106 698 1211 722 nunc
1235 698 1305 733 per
1327 685 1462 734 spinas
1497 697 1663 721 censure
1696 685 1819 721 eccle-

508 745 665 783 siastice
705 745 952 781 fulminande
997 757 1101 779 nunc
1154 756 1223 791 per
1256 744 1414 780 aculeos
1448 742 1635 779 conducti
1668 741 1819 779 brachii

508 803 697 841 secularis
735 815 841 839 nunc
893 814 1054 850 quoque
1096 813 1165 849 per
1199 801 1397 838 funiculos
1431 803 1477 837 de
1522 800 1631 836 omni
1676 812 1820 848 genere

508 869 766 910 peccatorum
823 860 1058 908 extinguunt
1104 858 1157 895 eis
1204 860 1426 895 contrarios
1472 867 1509 895 et
1554 860 1819 895 corroborant

508 918 681 968 ypocrisi
713 917 937 966 phariseica
970 926 1123 965 partem
1147 929 1273 963 suam,
1308 917 1485 953 dicentes
1524 916 1650 952 instar
1682 915 1819 952 hericii

509 978 618 1026 quod
662 976 799 1013 omnia
842 976 993 1012 faciunt
1037 983 1203 1023 propter
1247 975 1443 1011 honorem
1477 983 1514 1010 et
1548 973 1819 1010 defensionem

508 1034 605 1072 iuris
644 1034 872 1082 evangelici.
926 1035 1006 1070 Nec
1042 1034 1189 1068 habent
1222 1032 1287 1069 alii
1327 1040 1565 1080 potestatem
1600 1044 1666 1068 eos
1699 1031 1821 1067 corri-

509 1106 601 1141 pere
633 1093 694 1130 vel
726 1094 772 1128 de
807 1104 945 1128 eorum
979 1091 1168 1139 operibus
1190 1090 1381 1137 iudicare,
1415 1091 1482 1127 sed
1516 1089 1660 1127 residet
1681 1089 1721 1125 in
1743 1089 1820 1125 illis

509 1152 601 1188 solis
645 1150 854 1199 plenitudo
905 1148 1113 1197 potestatis
1164 1148 1403 1196 scripturam
1439 1160 1607 1193 sacram,
1661 1156 1820 1184 sanctos

510 1211 693 1246 doctores
738 1217 775 1245 et
818 1208 923 1255 leges
967 1206 1222 1255 interpretari
1256 1208 1306 1243 ad
1338 1214 1473 1243 votum
1508 1215 1544 1242 et
1578 1206 1820 1253 dispensare,

508 1269 654 1304 nedum
701 1275 841 1303 contra
879 1265 1121 1314 apostolum7
1165 1266 1233 1300 sed
1268 1264 1393 1301 eciam
1436 1272 1574 1300 contra
1607 1266 1749 1309 Deum,
1782 1263 1822 1298 in

508 1333 678 1369 tantum,
704 1325 812 1373 quod
834 1336 914 1360 non
938 1336 1009 1373 pos
1027 1320 1029 1376 ἱ
1047 1331 1138 1359 sunt
1161 1321 1411 1359 committere
1427 1321 1648 1370 symoniam
1673 1322 1755 1366 sed,
1778 1328 1822 1357 ut
1869 1349 1883 1355 -

510 1383 701 1420 blasfeme
734 1382 999 1430 proclamant,
1046 1380 1077 1418 si
1118 1380 1339 1428 quidquam
1386 1381 1610 1428 approbant
1641 1379 1702 1416 vel
1733 1391 1822 1415 sen-

512 1440 704 1487 tenciam,
738 1449 832 1476 tunc
864 1438 994 1487 ipsum
1030 1447 1087 1475 est
1110 1438 1310 1475 sentencia
1334 1437 1498 1474 ecclesie
1520 1436 1821 1485 triumphantis.

513 1501 560 1535 Et
592 1497 659 1534 ubi
691 1498 939 1546 Augustinus
972 1497 1068 1534 dicit
1101 1495 1363 1533 Enchiridion
1396 1497 1477 1532 LXI
1518 1507 1561 1532 ex
1592 1493 1821 1532 testimonio

513 1556 708 1604 scripture
731 1557 838 1604 quod
865 1567 982 1591 omne
1007 1554 1196 1591 delictum
1221 1563 1278 1591 est
1301 1555 1541 1590 contendere
1564 1566 1636 1601 pro
1667 1561 1822 1600 tempo-

511 1614 661 1651 ralibus
704 1626 785 1650 non
828 1612 1026 1661 paciendo
1058 1612 1226 1649 iniurias
1258 1612 1383 1648 instar
1417 1611 1578 1655 Christi,
1623 1610 1662 1647 in
1694 1622 1823 1647 sacer-

513 1672 672 1709 dotibus
704 1680 837 1708 autern
866 1670 1012 1707 Christi
1048 1670 1115 1719 qui
1148 1672 1293 1706 debent
1325 1669 1425 1705 scire
1457 1670 1533 1705 hoc
1566 1681 1649 1705 esse
1682 1667 1822 1704 melius

515 1738 571 1767 est
604 1729 792 1777 mortale3
826 1728 890 1765 isti
925 1737 1089 1765 econtra
1123 1728 1261 1764 dicunt
1291 1736 1327 1763 et
1351 1735 1531 1764 statuunt
1563 1727 1669 1774 quod
1700 1726 1822 1762 eccle-

513 1788 694 1825 siasticus
727 1788 873 1823 nedum
909 1788 1024 1823 debet
1052 1799 1125 1834 pro
1158 1786 1448 1833 temporalibus
1482 1785 1722 1821 contendere
1754 1784 1822 1819 sed

513 1858 711 1894 pugnare;
746 1846 853 1893 quod
887 1853 944 1881 est
978 1853 1117 1880 contra
1149 1845 1276 1892 legem
1313 1842 1473 1889 Christi,
1507 1850 1549 1878 ut
1582 1849 1690 1890 patet
1721 1842 1822 1877 XVII

514 1914 551 1940 et
583 1905 701 1939 XVIII
736 1901 920 1950 capitulis
950 1903 1001 1939 IV
1029 1901 1130 1940 libri.
1163 1902 1197 1938 O
1230 1901 1261 1937 si
1295 1900 1518 1937 videbimus
1566 1900 1674 1936 illam
1708 1911 1820 1936 vora-

513 1961 643 2010 ginem
677 1961 925 1997 obturatam!
959 1960 1082 1996 timeo
1114 1972 1259 2007 nempe
1293 1961 1401 2007 quod
1433 1970 1592 1994 necesse
1626 1965 1683 1994 est
1713 1956 1823 1993 illam

514 2018 765 2056 meretricem
800 2030 1016 2066 preparare
1049 2018 1179 2054 orbita
1208 2017 1456 2053 Antichristo
1495 2025 1533 2052 et
1564 2024 1659 2051 tunc
1693 2014 1824 2063 primo
1844 2047 1851 2051 .

513 2076 697 2125 extingui,
741 2075 976 2112 durantibus
1019 2087 1143 2124 usque
1174 2074 1268 2111 illuc
1312 2074 1447 2122 preliis
1486 2073 1588 2110 inter
1621 2080 1755 2121 gentes
1788 2080 1825 2109 et

513 2148 647 2183 regna.
700 2136 801 2171 Cum
855 2133 960 2169 enim
1013 2134 1115 2169 bella
1167 2132 1419 2181 originantur
1471 2144 1513 2168 ex
1565 2130 1824 2179 frigescencia

514 2192 704 2240 caritatis,
756 2193 961 2240 quomodo
1014 2192 1224 2228 cessabunt
1270 2191 1385 2235 bella,
1445 2190 1607 2238 quando
1652 2189 1823 2236 populus

514 2250 716 2299 sequendo
763 2249 909 2286 Christi
955 2249 1121 2285 consilia
1171 2261 1251 2284 non
1295 2249 1376 2285 vult
1417 2247 1500 2296 pati
1545 2246 1711 2283 iniurias
1755 2247 1824 2283 sed

514 2308 710 2357 supprimi
742 2308 783 2344 in
815 2307 983 2344 ecclesia
1016 2314 1053 2343 et
1085 2306 1407 2355 inpetuosissime
1430 2318 1503 2353 pro
1535 2303 1823 2352 temporalibus

514 2366 797 2415 persecuntur?
849 2365 924 2401 hoc
966 2364 1128 2413 quidem
1175 2377 1256 2400 non
1300 2371 1357 2400 est
1399 2363 1438 2399 in
1483 2364 1582 2399 duce
1629 2360 1823 2398 exercitus

517 2423 724 2461 christiani
756 2423 865 2471 pacis
899 2422 1107 2468 iudicium,
1143 2435 1231 2458 cum
1265 2423 1338 2458 Job
1370 2422 1433 2465 IX,
1467 2434 1491 2466 4
1526 2420 1689 2456 dicitur:
1730 2419 1824 2464 Quis

515 2482 665 2518 resistet
697 2482 731 2517 ei
760 2488 795 2516 et
821 2493 956 2530 paceni
990 2480 1149 2516 habuit?
1187 2481 1264 2516 Sed
1304 2492 1392 2515 cum
1435 2478 1575 2514 merita
1608 2485 1726 2525 atque
1758 2478 1823 2513 de-

584 2707 729 2745 6.-Cod.:
748 2707 953 2742 pedetenemi.
1026 2715 1052 2740 7,
1073 2705 1099 2734 8.
1123 2706 1215 2733 Cod.:
1244 2705 1460 2733 ecclesiastico.
1534 2711 1579 2738 29.
1603 2703 1697 2731 Cod.:
1728 2704 1824 2730 times.

514 2741 633 2777 34—30.
655 2742 712 2769 Hic
731 2743 817 2769 locus
837 2746 1000 2776 corruptus
1021 2746 1075 2768 est.

585 2846 634 2867 21.
664 2836 801 2867 Rectius
830 2834 974 2871 LXXIII.

1840 872 1878 892 10

1841 1151 1875 1182 15

1840 1729 1879 1761 25

1840 2307 1879 2340 35

1862 2480 1872 2511 1
