2050 3292
103 556 164 577 222

171 843 207 863 10

171 1121 205 1153 15

170 1419 209 1439 20

170 1696 208 1727 25

155 1994 170 2014 Ν

176 1987 186 1999 e:

227 206 316 233 CAP.
337 200 460 244 xxiv]
700 206 834 238 LIBER
860 205 1069 236 TERTIUS.
1736 205 1813 244 547

222 321 333 349 cusat
365 311 437 348 nisi
469 312 571 347 forte
611 323 681 359 per
714 310 899 347 accidens
932 311 1093 346 inducat
1133 308 1407 356 ignoranciam
1442 307 1529 344 dili-

220 370 337 417 gendi
370 372 495 405 Deum
545 377 581 404 et
626 368 865 416 proximum,
914 369 1005 416 quia
1044 368 1169 403 solum
1205 367 1294 402 talis
1327 375 1384 403 est
1417 378 1530 402 accu-

221 427 354 464 sabilis
387 435 424 463 et
456 438 526 474 per
559 438 807 473 consequens
841 426 972 461 solum
1006 425 1239 472 ignorancia
1272 423 1462 460 caritatis.

280 486 613 531 Quandocumque
665 483 782 531 igitur
840 495 883 518 ex
936 481 1166 530 ignorancia
1225 480 1418 517 habituali
1470 480 1528 516 vel
1551 486 1639 525 qud
1661 486 1811 513 intention

221 542 367 578 actuali
412 541 498 589 quis
542 541 635 577 facit
667 553 688 577 a
721 542 804 576 Deo
836 540 909 575 sibi
943 539 1200 588 prohibitum,
1246 538 1275 574 si
1305 535 1309 582 Ι
1339 551 1381 574 ex
1419 546 1526 574 certa
1577 522 1779 583 ἐξεξεὲἐξῆῗῃ

221 599 405 643 sciencia,
439 611 519 634 non
551 597 778 634 intencione
812 597 1001 644 diligendi
1032 599 1173 638 Deum,
1208 604 1346 643 peccat
1379 603 1525 631 morta·
1542 599 1624 618 mere
1638 591 1818 625 ignoranee.

222 656 323 701 liter,
373 665 408 692 et
454 656 484 691 si
529 655 760 703 ignorancia
792 654 1059 691 intencionem
1102 654 1376 690 concomitans
1410 652 1526 688 fuerit

224 716 270 749 de
316 713 389 750 sibi
422 713 651 749 necessariis
685 714 734 749 ad
767 713 946 758 salutem,
993 710 1214 748 cuiusmodi
1247 719 1337 747 sunt
1371 709 1525 746 articuli

224 771 328 817 fidei,
373 784 453 807 non
499 779 657 807 excusat
701 769 935 817 simpliciter
980 783 1001 806 a
1047 768 1220 815 mortali,
1265 777 1307 804 ut
1340 777 1448 815 patet
1480 768 1526 803 de

223 829 406 876 apostolo
441 836 477 864 et
511 828 650 864 ceteris
684 827 884 864 blasfemis
917 827 984 875 qui
1023 834 1284 875 persecuntur
1315 824 1529 862 infideliter

224 885 474 932 christianos,
509 887 688 934 putando
721 898 761 921 se
794 885 1008 933 plurimum
1042 883 1279 932 promereri3
1315 892 1350 920 et
1385 882 1439 920 sic
1471 882 1527 918 in-

223 943 353 981 tencio
387 943 524 991 pocius
558 951 714 980 excusat
745 955 863 990 quam
898 943 1005 978 nuda
1039 941 1294 990 ignorancia;
1338 941 1428 977 ideo
1472 940 1528 976 in-

226 1001 360 1049 telligo
406 1002 510 1049 quod
554 1000 786 1048 ignor-ancia
830 1008 1041 1048 aggregata
1090 1011 1134 1035 ex
1185 999 1251 1035 illa
1302 997 1530 1034 intencione

224 1061 328 1095 bona
373 1060 419 1094 de
464 1071 607 1106 genere
651 1057 848 1095 excusavit
880 1058 1118 1105 Apostolum
1162 1065 1198 1092 et
1238 1064 1389 1092 ceteros
1422 1055 1530 1104 peni-

223 1125 364 1153 tentes.
399 1117 514 1153 Unde
546 1129 627 1152 non
658 1116 773 1153 video
798 1116 904 1163 quod
939 1115 1043 1152 mala
1076 1114 1209 1162 passio
1242 1122 1400 1150 excusat
1433 1113 1529 1149 irra-

224 1173 474 1210 cionabiliter
516 1173 664 1210 iratum
706 1186 754 1210 ne
799 1181 935 1221 peccet
982 1172 1203 1209 mortaliter
1238 1171 1377 1219 pocius
1410 1184 1528 1218 quarn

224 1231 356 1280 passio
390 1240 547 1267 excusat
580 1231 725 1268 victum
762 1230 1091 1278 concupiscencia
1124 1231 1173 1265 ad
1207 1228 1529 1277 cognoscendum

227 1289 433 1325 mulierem
468 1298 576 1326 extra
610 1288 932 1333 matrimonium3
978 1287 1112 1335 passio
1146 1287 1248 1323 enim
1286 1285 1530 1334 concupisci-

225 1346 313 1383 bilis
338 1346 467 1382 minus
492 1346 664 1383 declinat
687 1359 708 1382 a
731 1346 988 1382 naturalitate
1011 1358 1130 1393 quam
1156 1344 1287 1392 passio
1311 1343 1531 1381 irascibilis,

225 1406 273 1440 Et
297 1404 396 1440 sicut
428 1404 657 1452 philosophi
681 1404 818 1440 dicunt
841 1404 947 1451 quod
970 1415 1048 1439 una
1081 1403 1225 1439 irundo
1249 1415 1328 1438 non
1351 1401 1444 1438 facit
1465 1414 1532 1438 ver
1559 1409 1585 1447 A
1606 1409 1703 1447 single
1724 1408 1807 1443 lapse

226 1474 299 1498 nec
316 1461 456 1498 unicus
480 1471 591 1498 actus
615 1462 743 1498 malus
766 1461 925 1507 vicium,
951 1460 1006 1497 sic
1031 1460 1168 1496 dicunt
1191 1461 1297 1508 quod
1321 1459 1530 1496 continens
1574 1448 1795 1504 Ῑᾞὲῐζᾞηᾟῗῖ

227 1527 433 1568 superatus
468 1531 510 1555 ex
543 1519 728 1567 passione
762 1527 926 1567 propter
959 1518 1232 1566 cognicionern
1267 1517 1428 1553 unicam
1451 1529 1531 1552 non

228 1577 270 1613 fit
304 1576 577 1624 incontinens;
623 1578 691 1613 sed
736 1577 851 1612 aliter
884 1577 1068 1612 locuntur
1100 1575 1291 1623 theologi,
1337 1582 1530 1622 ponentes

226 1634 391 1671 virtutes
415 1634 770 1682 supernaturaliter
804 1644 840 1670 et
873 1633 974 1670 vicia
1008 1633 1215 1681 dyabolice
1248 1632 1380 1669 subito
1415 1644 1530 1680 gene·

227 1693 305 1728 rari
330 1701 365 1728 et
390 1692 578 1740 distingui
603 1694 650 1729 ab
675 1691 875 1728 habitibus
899 1690 1295 1728 consuetudinalibus
1319 1691 1365 1726 de
1388 1690 1530 1738 quibus

226 1750 411 1786 locuntur
443 1749 685 1798 philosophi,
729 1749 784 1785 sic
817 1751 924 1797 quod
957 1762 1047 1785 curn
1080 1748 1223 1784 virtute
1262 1757 1339 1784 stat
1377 1747 1531 1784 habitus

226 1808 475 1843 inclinativus
523 1809 572 1844 ad
617 1807 980 1855 prevaricacionem
1031 1816 1067 1842 et
1112 1818 1202 1842 curn
1246 1813 1411 1854 peccato
1455 1813 1531 1841 stat

225 1866 383 1901 habitus
416 1864 666 1902 inclinativus
699 1867 749 1901 ad
783 1864 983 1900 meritorie
1028 1865 1290 1912 operandum,
1335 1871 1378 1898 ut
1422 1872 1531 1910 patet

224 1932 305 1959 tam
340 1922 500 1959 racione
524 1936 642 1971 quarn
677 1922 945 1970 experiencia3
979 1921 1077 1958 sicut
1110 1921 1231 1969 igitur
1263 1921 1303 1956 in
1337 1920 1411 1956 isto
1444 1933 1530 1968 pre-

225 1990 340 2028 cepto
370 1977 373 2031 Ι
402 1980 605 2028 negativo:
641 1981 726 2016 Non
759 1979 1007 2024 mechaberis,
1043 1979 1279 2026 prohibetur
1310 1980 1528 2014 secundum

225 2037 517 2085 exposicionern
553 2037 698 2074 Christi
732 2049 949 2074 consensus
982 2036 1119 2080 animi,
1153 2036 1208 2072 sic
1241 2035 1280 2071 in
1314 2035 1409 2072 isto:
1444 2036 1529 2071 Non

224 2095 373 2131 occides
424 2095 658 2143 prohibetur
711 2094 1002 2131 irracionabilis
1047 2093 1105 2130 ira
1149 2103 1185 2130 et
1231 2093 1270 2129 in
1315 2102 1530 2141 utrumque

227 2154 459 2189 mandatum
485 2165 557 2200 pro
579 2165 735 2200 semper
766 2153 946 2200 obligans
981 2151 1112 2188 subito
1146 2150 1362 2187 offenditur
1394 2163 1529 2186 secun-

225 2212 319 2246 dum
343 2210 507 2246 virtutes
538 2210 777 2246 irascibilem
818 2219 854 2246 et
879 2208 1228 2256 concupiscibilem
1261 2217 1297 2244 et
1321 2216 1528 2256 peccatum

195 2268 394 2304 ‘mortale
426 2267 556 2304 subito
589 2267 838 2304 contrahitur
871 2267 1030 2314 expulsa
1064 2266 1217 2314 gracia3
1263 2265 1351 2301 dico
1396 2274 1527 2302 autem

225 2325 513 2362 irracionabilis
536 2325 607 2370 ira,
641 2325 734 2373 quia
758 2333 912 2361 constat
940 2325 1047 2372 quod
1080 2323 1275 2370 contingit
1308 2322 1425 2359 irasci
1457 2336 1530 2370 pro

187 2428 190 2430 v
225 2391 390 2431 peccato
423 2383 472 2419 ad
505 2382 577 2418 Dei
609 2382 793 2418 iniuriam
828 2382 1109 2418 vindicandam
1150 2389 1185 2417 et
1218 2393 1430 2428 personam
1464 2389 1531 2416 aut

169 2568 210 2597 40

226 2441 416 2488 populum
452 2441 761 2485 emendandum,
796 2451 872 2487 que
905 2439 962 2475 ira
995 2447 1051 2475 est
1085 2437 1287 2475 meritoria
1309 2438 1369 2474 vel
1392 2438 1529 2474 saltem

227 2497 480 2534 racionabilis
525 2499 658 2545 quoad
690 2497 959 2533 substanciam
994 2495 1140 2543 operis,
1184 2495 1275 2531 licet
1313 2495 1530 2532 irraciona-

226 2555 355 2591 bilitas
389 2556 435 2591 sit
456 2556 494 2590 in
519 2556 659 2600 modo;
693 2556 852 2603 quando
877 2563 1007 2590 autem
1034 2553 1120 2601 quis
1144 2553 1292 2601 appetit
1315 2553 1529 2589 vindictam

227 2613 265 2648 in
310 2612 532 2661 proximum
578 2621 748 2661 utroque
791 2612 956 2648 istorum
1003 2610 1240 2659 postposito,
1292 2623 1373 2646 non
1417 2612 1529 2646 video

295 2768 319 2795 5.
338 2768 474 2800 actuali,·
492 2768 523 2795 in
542 2772 640 2794 textu:
661 2767 865 2799 accidentali;
885 2774 963 2794 corr.
985 2766 1015 2793 in
1037 2773 1132 2800 marg.
1222 2772 1267 2792 20.
1291 2765 1384 2792 Cod.=
1412 2766 1451 2793 Et
1476 2766 1529 2793 sic.

226 2801 271 2838 37.
290 2806 362 2835 aul,·
387 2807 501 2830 textus:
523 2805 552 2829 et
570 2803 789 2837 suprascript.:
807 2804 871 2829 aut.

1320 2846 1391 2881 352⁶-
