2050 3292
262 222 351 251 CAP.
372 215 484 267 xxii]
733 227 869 258 LIBER
895 226 1104 259 TERTIUS.

262 330 463 368 Christum
514 331 633 368 simul
684 332 865 368 dolenter
909 341 945 368 et
989 333 1212 379 gaudenter
1253 332 1338 369 eius
1389 333 1564 369 maculas

260 390 466 435 tollerare;
500 390 692 436 dolenter,
729 389 822 437 quia
839 398 881 425 ut
903 389 959 425 sic
983 389 1115 426 deficit
1139 391 1188 426 ad
1211 389 1271 426 sui
1295 390 1563 438 dispendium,

260 456 297 484 et
320 448 551 494 gaudenter,
587 446 680 495 quia
702 449 808 483 Deus
832 459 875 482 ex
904 447 1205 495 omnipotencia
1249 460 1320 484 sua
1352 448 1564 484 occasione

259 504 348 541 talis
382 506 536 541 macule
568 504 792 553 pulcrificat
823 504 1067 543 universam.
1120 504 1184 542 Sic
1216 505 1321 541 enim
1355 514 1563 553 peccatum

227 564 318 599 5est
362 564 527 609 bonum,
571 562 665 611 quia
707 562 795 598 felix
841 562 923 599 eius
968 575 1050 599 esse
1095 564 1316 599 secundum
1362 564 1469 611 quod
1508 571 1565 599 est

259 620 566 657 occasionaliter
610 620 814 668 perficere,
859 622 928 657 sed
972 633 1052 656 non
1095 622 1313 657 secundum
1360 621 1442 657 eius
1482 633 1564 657 esse

139 683 216 722 190⁸
260 678 449 726 primum,
494 678 586 726 quia
631 690 715 714 esse
748 677 923 725 primum
957 678 1110 726 peccati
1148 691 1229 714 non
1261 688 1427 715 vocatur
1456 676 1459 730 Ι
1488 678 1563 715 nisi

258 736 447 784 equivoce
499 748 581 772 esse
632 736 700 771 sed
759 736 884 783 magis
932 738 1087 781 deesse3
1142 735 1396 772 manifestum
1444 736 1564 784 igitur

258 795 366 841 quod
399 793 530 829 omnis
564 794 691 830 malus
724 793 963 841 prepositus,
995 793 1087 830 licet
1110 793 1203 830 facit
1226 795 1373 830 bonum
1400 794 1564 830 ecclesie

206 863 243 884 10
258 859 295 887 et
328 864 398 899 per
412 863 659 899 consequens
676 851 832 899 expedit
846 852 966 888 talem
991 864 1088 898 esse,
1120 860 1257 888 tamen
1279 860 1322 887 ut
1345 852 1400 888 sic
1423 861 1565 899 peccat

258 909 466 954 continue3
510 922 603 945 nam
649 908 779 945 omnis
822 909 912 945 talis
956 918 1117 945 tenetur
1159 910 1231 945 sub
1276 922 1378 957 pena
1411 909 1564 957 peccati

257 967 317 1003 sui
351 976 387 1003 et
419 966 558 1015 populi
590 967 641 1002 ad
673 967 975 1003 observanciam
1017 968 1297 1003 mandatorum
1331 980 1451 1015 quam
1483 980 1563 1003 non

257 1033 366 1062 tenet
396 1024 470 1060 nisi
503 1024 631 1072 ipsam
667 1025 909 1072 cognoverit,
944 1037 1036 1072 ergo
1070 1033 1143 1064 etc,

192 1084 218 1114 L
317 1083 429 1119 Unde
473 1083 691 1118 secundum
738 1082 975 1130 Gregoriurn
1026 1084 1249 1119 abstractus
1301 1094 1371 1130 per
1424 1081 1563 1118 mundi

203 1141 239 1172 15
257 1139 431 1188 diviciaS,
465 1152 534 1187 per
566 1140 734 1187 gloriam
757 1140 880 1176 seculi
902 1140 962 1176 vel
984 1149 1149 1187 peccata
1183 1140 1373 1186 carnalia,
1408 1148 1450 1175 ut
1482 1153 1563 1176 non

256 1197 438 1245 perficiat
470 1199 579 1245 quod
610 1197 806 1234 incumbit
839 1211 910 1234 suo
943 1198 1091 1244 officio,
1136 1207 1179 1234 ut
1212 1197 1267 1234 sic
1301 1206 1432 1241 nocet,
1473 1197 1562 1234 ideo

254 1256 314 1302 (ut
356 1254 488 1303 sepius
533 1254 628 1302 dixi)
672 1255 825 1292 domini
869 1256 1068 1293 seculares
1111 1255 1149 1291 in
1196 1254 1351 1292 defectu
1389 1255 1560 1292 aliorum

255 1314 399 1348 debent
431 1314 662 1350 abstrahere
696 1326 717 1349 a
750 1312 829 1349 suis
861 1313 1144 1350 iniuriantibus
1182 1313 1437 1350 occasionem
1470 1312 1561 1349 talis

255 1370 457 1408 facinoris.
492 1371 605 1407 Unde
631 1370 820 1407 iniuriam
844 1370 960 1408 istam
987 1371 1155 1408 maxime
1178 1372 1471 1419 precavendam
1496 1372 1562 1407 de-

199 1438 240 1459 20
256 1428 379 1464 clarat
426 1429 563 1464 beatus
597 1428 812 1476 Gregorius
856 1428 895 1464 in
935 1428 1116 1476 Registro
1155 1429 1257 1465 libro
1279 1431 1346 1465 VII
1380 1430 1452 1465 sub
1486 1428 1560 1465 hiis

254 1486 400 1522 verbis:
447 1487 515 1531 Ita,
561 1485 703 1534 inquit,
748 1487 822 1522 sibi
864 1487 1085 1537 regencium
1130 1487 1267 1523 merita
1315 1494 1349 1522 et
1390 1487 1559 1535 plebium

254 1550 529 1580 connectuntur
561 1551 601 1579 ut
630 1556 718 1593 sepe
750 1556 800 1580 ex·
831 1545 943 1593 culpa
971 1545 1255 1593 presidencium
1292 1544 1463 1580 deterior
1486 1544 1561 1593 fiat

254 1602 329 1636 vita
372 1602 613 1637 subditorum
659 1609 694 1637 et
736 1612 824 1652 sepe
868 1614 918 1638 ex
950 1603 1062 1651 culpa
1090 1602 1262 1651 plebium
1296 1602 1450 1651 deficiat
1483 1602 1559 1637 vita

248 1667 475 1707 pastorum,·
517 1660 617 1707 quod
648 1666 773 1695 autem
808 1660 911 1695 mala
943 1660 1047 1696 accio
1082 1660 1315 1708 presidentis
1349 1660 1461 1695 valde
1493 1672 1559 1695 no-

197 1718 234 1750 25
252 1724 334 1752 ceat
363 1716 535 1762 subditis,
569 1724 734 1753 testatur
760 1715 940 1754 Christus
963 1718 1009 1753 de
1036 1718 1231 1766 phariseis
1258 1718 1407 1753 dicens:
1444 1717 1558 1753 Clau-

254 1774 342 1810 ditz's
374 1786 538 1825 regnum
572 1775 742 1810 celorum
776 1783 862 1810 ante
894 1776 1077 1818 homines,
1111 1787 1177 1811 vos
1199 1788 1272 1811 non
1294 1775 1460 1821 intratis,
1493 1787 1560 1810 nec

253 1832 487 1868 introeuntes
518 1832 640 1868 sinitis
671 1833 846 1868 introire.
896 1832 993 1877 Quis
1027 1832 1148 1880 igitur
1181 1832 1336 1868 dubitat
1368 1833 1465 1880 quin
1499 1845 1559 1868 ex-

252 1889 457 1936 petencius
500 1890 560 1925 vel
606 1889 736 1926 minus
784 1891 931 1926 malum
978 1890 1078 1926 foret
1129 1903 1218 1926 cum
1267 1890 1380 1926 bonis
1425 1902 1559 1927 carere

253 1947 480 1984 huiusmodi
503 1947 740 1995 presidente.
776 1950 874 1984 Nam
900 1957 1257 1996 quantumcunque
1286 1949 1436 1984 bonum
1460 1961 1559 1996 opus

195 2005 299 2041 30de
343 2017 485 2052 genere
529 2005 676 2050 fecerit,
721 2015 857 2052 gravat
889 2006 1046 2053 culpam
1081 2005 1245 2042 ecclesie
1286 2001 1557 2058 peccansquel

193 2061 206 2078 '³
252 2062 377 2099 multo
412 2062 535 2109 magis
567 2063 735 2099 vivendo
769 2063 1010 2110 pompatice,
1048 2063 1212 2108 lubrice,
1254 2063 1471 2099 bestialiter
1503 2072 1559 2099 at-

251 2132 325 2167 que
370 2120 587 2167 rapaciter3
633 2120 688 2156 sic
733 2122 840 2168 quod
887 2120 1085 2168 principes
1130 2120 1268 2169 populi
1315 2120 1559 2168 pertinenter

251 2186 417 2225 possunt
461 2178 591 2214 dicere
635 2178 703 2214 tali
736 2177 886 2214 oratori
919 2178 998 2215 sive
1037 2179 1241 2226 preposito
1289 2178 1386 2214 illud
1439 2181 1556 2216 Num.

250 2236 382 2281 XXIII,
418 2246 483 2283 25,
519 2236 626 2283 quod
659 2236 805 2272 Balaac
839 2235 933 2271 dixit
967 2237 1129 2272 Balaam
1163 2236 1308 2272 ariolo:
1343 2248 1409 2272 nec
1441 2237 1559 2272 male-

194 2293 233 2325 35
251 2293 356 2328 dicas
387 2293 423 2328 ei
452 2305 518 2328 nec
550 2293 762 2339 benedicas,
796 2293 891 2341 quia
924 2306 1059 2330 revera
1090 2294 1178 2330 talis
1203 2293 1433 2330 benediccio
1457 2295 1558 2330 foret

250 2349 444 2398 indigenis
489 2350 725 2387 malediccio
764 2350 803 2386 in
836 2351 977 2387 effectu
1011 2360 1047 2387 et
1088 2351 1321 2387 malediccio
1355 2353 1404 2387 ad
1437 2364 1557 2400 quam

249 2408 339 2444 talis
373 2416 429 2444 est
462 2408 628 2455 pronior
660 2421 737 2445 non
772 2408 989 2445 deteriorat
1012 2408 1088 2444 nisi
1117 2409 1224 2456 prius
1247 2409 1556 2446 deteriorantem

249 2478 287 2500 se
320 2465 464 2513 ipsum,
499 2474 541 2501 ut
573 2474 681 2514 patet
712 2466 813 2502 libro
847 2466 1028 2514 proximo
1052 2468 1099 2502 de
1122 2466 1558 2505 excommunicacione.

250 2524 363 2559 Unde
396 2523 564 2562 Malach.
597 2525 641 2574 ΙΙ7
673 2536 705 2571 1,
736 2535 779 2561 2:
818 2524 871 2560 Et
903 2537 1001 2560 nunc
1032 2525 1083 2560 ad
1116 2537 1182 2560 vos
1215 2525 1439 2561 mandatum
1472 2525 1556 2571 hoc,

130 2073 190 2106 190

315 2699 362 2725 24.
385 2691 479 2719 Cod.:
501 2692 590 2719 valde
610 2692 707 2720 twice.
780 2693 822 2728 25,
842 2693 888 2720 26.
913 2693 1006 2721 Cod.:
1032 2684 1210 2723 Claudistis.

246 2784 370 2853 85521.
397 2775 443 2807 St.
473 2774 630 2816 Gregorii
657 2775 804 2817 Registr.
831 2775 919 2817 Epp.
946 2775 1003 2808 lib.
1022 2776 1094 2816 VII,
1121 2776 1185 2818 Ep.
1203 2777 1276 2820 VH,
1303 2777 1395 2818 Opp.
1413 2783 1496 2810 tom.
1517 2777 1553 2815 H,

1769 221 1850 267 469

1641 1077 1787 1114 Worldly

1578 1112 1681 1148 clergy
1702 1114 1741 1140 do
1763 1113 1849 1141 harm

1625 1148 1683 1174 and
1706 1149 1803 1175 rulers

1612 1182 1723 1210 should
1744 1184 1811 1210 take

1621 1225 1706 1253 away
1726 1218 1805 1245 their

1636 1259 1741 1286 power
1761 1252 1795 1279 of

1637 1286 1788 1314 mischief.
