2050 3292
240 206 328 238 cAt‘.
349 196 480 254 xxm]
705 210 839 244 LIBER
866 209 1077 244 TERTIUS.
1756 209 1834 250 517

297 320 409 365 Item,
454 326 619 366 peccata
664 317 850 355 mortalia
895 325 1061 354 causant
1100 315 1476 353 denominacionem
1511 314 1549 351 in
1613 320 1796 360 Oquctions

239 388 362 424 opera
394 375 626 422 extrinseca,
660 384 701 412 ut
734 375 774 411 in
807 375 927 420 coitu,
962 373 1181 411 homicidio
1215 381 1251 410 et
1284 374 1338 410 eis
1354 372 1550 409 similibus
1572 357 1825 418 ggssgtgffiffffaffi

240 433 428 483 operibus
466 433 644 479 viciosis3
691 446 785 481 ergo
831 434 957 469 multo
1004 431 1130 479 magis
1175 440 1341 479 possunt
1386 425 1839 487 causare{ffsnssg‘s'tffajizeff

240 490 616 528 denominacionem
642 490 681 527 in
704 490 910 539 potencias
934 488 1187 527 assensitivas
1211 488 1284 525 sibi
1308 487 1550 537 propriores,
1578 494 1693 533 ,much
1714 501 1803 521 more

208 548 305 586 5Sic
348 548 453 585 enirn
499 549 630 585 videre
673 549 872 585 mulierem
917 549 970 584 ad
1000 546 1342 596 concupiscendum
1376 558 1459 582 eam
1493 554 1552 582 est
1576 529 1822 591 ’Πψᾷᾞὴὶζῗξῗηῑ

239 615 447 654 peccatum
483 606 664 656 mortale,
696 614 740 642 ut
772 607 888 643 docet
904 605 1084 642 Christus
1117 605 1241 642 Math.
1263 605 1310 652 V,
1336 605 1401 650 28,
1435 612 1472 640 et
1495 602 1550 639 sic

240 665 288 701 de
320 664 450 711 irasci,
486 665 533 700 de
564 663 695 700 verbis
728 663 933 701 derisoriis
966 672 1003 700 et
1036 662 1123 699 aliis
1157 674 1227 709 per
1261 673 1337 709 que
1370 660 1550 698 Christus

241 722 401 770 exponit
433 722 573 770 legem.

298 778 479 828 Septimo
513 788 550 815 et
582 778 724 816 ultimo
757 779 893 816 dicunt
937 777 1100 827 quidam
1144 778 1252 826 quod
1285 778 1412 814 solum
1453 776 1550 813 illud

188 852 224 872 10
240 846 449 885 peccatum
484 837 590 886 quod
624 845 812 885 peccator
835 837 951 874 vellet
979 835 1128 872 iustum
1153 846 1236 872 esse
1260 844 1298 871 et
1321 834 1550 882 inpunitum

240 907 285 932 ac
301 903 494 944 perpetuo
510 906 819 943 permansurum
837 893 983 931 dicitur
1005 893 1186 941 mortale,
1201 901 1243 929 ut
1260 891 1552 929 Lincolniensis

238 952 417 1001 loquitur
448 951 556 989 dicto
589 952 652 989 IV.

298 1011 375 1047 Sed
406 1009 563 1047 videtur
596 1011 704 1058 quod
728 1008 842 1046 multi
865 1009 1008 1046 vellent
1031 1017 1198 1057 peccata
1221 1017 1301 1045 tam
1329 1006 1552 1056 spiritualia
1626 1015 1775 1053 Alnswer:

174 1061 200 1092 C
239 1080 361 1116 quam
378 1067 554 1105 carnalia
576 1068 706 1104 solum
729 1069 874 1104 durare
897 1079 969 1115 pro
993 1075 1187 1115 tempore.
1213 1068 1260 1102 Et
1284 1065 1316 1101 si
1339 1066 1553 1114 loquamur
1569 1049 1843 1119 Alssffssisffiir‘izssies

186 1136 223 1171 15
240 1127 288 1162 de
310 1126 409 1163 velle
441 1125 647 1174 implicite,
681 1125 814 1162 omnis
845 1124 1071 1162 voluntarie
1093 1136 1263 1172 peccans
1286 1124 1403 1159 vellet
1430 1134 1553 1169 opera
1628 1118 1676 1145 ¹¹0?
1696 1126 1776 1145 ever.

239 1196 310 1221 sua
333 1195 416 1220 esse
444 1183 546 1220 iusta
569 1192 606 1219 et
635 1183 832 1231 inpunita,
873 1195 949 1231 que
982 1182 1014 1218 si
1048 1190 1192 1230 essent,
1225 1181 1354 1218 forent
1387 1188 1553 1228 peccata

240 1249 446 1290 perpetua.
485 1241 626 1278 Omnis
660 1241 784 1277 eciam
821 1249 1010 1288 peccator
1043 1239 1197 1287 positus
1230 1238 1271 1275 in
1304 1232 1552 1289 adopcionel

122 1300 202 1334 210b
239 1300 301 1336 vel
344 1307 386 1336 ut
432 1298 627 1336 moriatur
672 1307 709 1335 et
753 1307 920 1346 peccata
952 1310 1023 1334 sua
1056 1305 1289 1346 purgentur,
1330 1296 1391 1332 vel
1422 1304 1465 1331 ut
1499 1294 1554 1330 sic

239 1356 343 1394 vivat
366 1356 406 1393 in
428 1356 585 1402 veniali,
609 1356 845 1404 preeligeret
863 1355 927 1392 hic
950 1355 1079 1391 vivere
1101 1363 1310 1403 perpetuo,
1336 1362 1552 1400 antequam

184 1424 406 1463 2opeccata
449 1414 582 1451 taliter
626 1414 865 1462 punirentur
908 1413 949 1449 in
993 1412 1243 1461 purgatorio,
1289 1421 1331 1447 ut
1365 1419 1474 1459 patet
1507 1411 1555 1446 de

241 1471 510 1510 mundialibus
553 1471 777 1520 specialiter
820 1480 858 1508 et
900 1472 947 1507 de
980 1470 1095 1507 nobis
1140 1469 1341 1515 omnibus,
1382 1480 1553 1517 quorum

241 1531 373 1567 nullus
406 1530 572 1579 appetit,
606 1531 675 1566 sed
708 1529 821 1578 quasi
855 1528 1090 1566 naturaliter
1113 1527 1198 1564 odit
1232 1536 1416 1563 mortem.
1452 1527 1551 1562 Cum

242 1600 337 1637 ergo
369 1601 443 1636 pro
475 1587 586 1625 omni
618 1586 688 1625 tali
721 1586 1005 1636 obliquacione
1038 1599 1060 1623 a
1082 1586 1289 1622 voluntate
1314 1583 1385 1621 Dei
1418 1592 1553 1620 eterna

240 1646 289 1682 sit
323 1645 443 1694 digna
476 1658 579 1694 pena
612 1654 817 1695 perpetua,
850 1645 1006 1682 videtur
1033 1644 1144 1693 quod
1176 1654 1295 1680 omne
1328 1650 1554 1691 peccatum,

186 1706 332 1741 25cum
365 1703 414 1741 sit
444 1703 730 1751 voluntarium,
770 1703 820 1740 sit
852 1703 1017 1750 dignum
1050 1714 1155 1750 pena
1187 1709 1381 1749 perpetua
1414 1708 1451 1736 et
1486 1711 1556 1747 per

243 1773 491 1811 consequens
525 1762 706 1800 mortale.

299 1822 410 1865 Item,
441 1818 489 1856 sit
512 1820 546 1856 A
574 1827 782 1868 peccatum
807 1817 959 1855 veniale
982 1817 1091 1867 quod
1113 1817 1253 1854 Petrus
1277 1827 1447 1865 peccans
1473 1815 1555 1851 vult

241 1877 458 1915 efficaciter
481 1876 601 1924 finiri,
642 1885 737 1914 tunc
760 1878 877 1914 Petro
900 1884 1056 1913 tantum
1081 1873 1266 1923 displicet
1301 1874 1349 1909 de
1379 1875 1412 1910 A
1445 1874 1553 1921 quod

242 1934 393 1983 positus
427 1934 466 1972 in
500 1934 726 1983 adopcione
759 1933 1023 1971 continuandi
1056 1934 1088 1970 A
1121 1944 1201 1969 non
1235 1930 1503 1968 continuaret.

185 1995 226 2028 30
299 1995 353 2030 Ex
396 2004 475 2041 quo
507 1992 663 2029 videtur
696 1993 804 2041 quod
849 1991 1004 2028 nullum
1050 1999 1107 2027 est
1151 1998 1362 2038 peccatum
1397 1987 1472 2024 nisi
1505 1987 1554 2024 sit
1656 1983 1758 2012 Sinis

240 2049 524 2096 voluntarium,
558 2051 667 2098 quod
691 2049 887 2087 contricio
919 2049 1023 2085 delet
1052 2061 1074 2085 a
1096 2055 1275 2096 peccato.
1310 2048 1411 2083 Cum
1446 2045 1553 2082 enirn
1574 2016 1833 2088 whiiftvaeyfrduly

242 2110 347 2145 Deus
379 2107 430 2144 sit
461 2107 628 2156 pronior
660 2109 710 2144 ad
749 2107 1056 2156 acceptandum,
1089 2104 1247 2142 videtur
1291 2104 1412 2153 quod,
1453 2103 1554 2139 sicut
1569 2087 1843 2158 ᾗῗῐζξθῑῐξοὺξῗῖξξ

241 2167 362 2203 homo
407 2178 454 2203 eo
497 2164 586 2214 ipso
625 2174 767 2214 peccat
799 2177 880 2214 quo
913 2164 1052 2201 intime
1082 2164 1167 2200 vult
1198 2174 1380 2211 peccare,
1419 2161 1475 2199 sic
1508 2172 1554 2197 eo
1593 2156 1815 2218 dsgffigsissaffid

241 2224 328 2272 ipso
373 2222 526 2261 desistit
570 2236 593 2260 a
637 2231 804 2272 peccato
849 2235 930 2271 quo
975 2220 1116 2258 intime
1147 2221 1230 2258 vult
1263 2219 1319 2256 sic
1352 2218 1553 2257 desistere.
1582 2229 1635 2253 not
1654 2224 1740 2264 deully,
1756 2224 1831 2253 with

185 2281 224 2316 35
241 2280 508 2319 Continuacio
547 2293 641 2329 ergo
681 2294 771 2318 cum
812 2281 959 2329 pendet
992 2291 1036 2316 ex
1066 2278 1193 2316 libera
1230 2277 1435 2314 voluntate
1473 2287 1554 2313 non
1638 2267 1696 2288 our
1715 2266 1774 2288 ⁵¹¹¹·

241 2340 361 2376 habet
392 2338 695 2376 excusacionem
729 2339 797 2376 sed
831 2336 1048 2375 mentimur
1081 2337 1130 2373 de
1161 2335 1366 2372 voluntate
1399 2342 1553 2370 coacta.

298 2397 375 2434 Pro
399 2409 478 2445 quo
514 2397 758 2434 declarando
790 2408 988 2444 suppono,
1023 2393 1155 2443 primo
1186 2393 1294 2442 quod
1318 2391 1350 2428 si
1373 2392 1464 2428 volo
1493 2403 1554 2428 me

240 2455 338 2492 velle
376 2453 530 2503 aliquid
566 2462 663 2491 tunc
699 2454 791 2491 volo
829 2453 940 2492 illud.
991 2452 1176 2489 Secundo
1215 2462 1400 2499 suppono
1446 2450 1555 2497 quod

241 2511 427 2561 displicet
460 2511 581 2549 michi
615 2512 736 2548 modo
766 2511 875 2560 quod
905 2521 1101 2559 umquam
1133 2520 1271 2557 pecCO,
1306 2507 1337 2544 si
1370 2514 1556 2545 conteror

183 2582 226 2613 40
242 2570 290 2607 de
332 2578 511 2619 peccato.
564 2571 614 2606 Et
655 2569 780 2606 tercio
824 2580 1008 2617 suppono
1048 2579 1110 2604 rne
1141 2566 1241 2603 velle
1279 2577 1406 2614 usque
1444 2563 1494 2601 ad
1526 2565 1555 2600 B

241 2627 391 2665 instans
424 2628 554 2665 solum
587 2639 765 2676 peccare.
798 2628 845 2663 Et
878 2633 987 2674 patet
1019 2625 1127 2674 quod
1159 2636 1265 2661 nunc
1297 2623 1388 2660 volo
1421 2633 1493 2670 pro
1525 2622 1555 2657 B

241 2685 406 2724 instanti
452 2697 515 2723 me
558 2693 765 2723 conterere
809 2685 858 2721 de
902 2691 1068 2733 peccato
1112 2690 1150 2719 et
1194 2693 1265 2730 per
1304 2690 1554 2729 consequens

310 2818 349 2847 31.
371 2819 466 2848 Cod.:
486 2820 582 2847 debet.
657 2818 698 2848 33.
720 2818 815 2847 Coei-z
837 2825 873 2847 eo
894 2818 956 2845 illo.
