2050 3292
221 202 310 230 CAP.
331 192 462 246 xxm]
690 203 824 234 LIBER
850 202 1061 235 TERTIUS.
1746 209 1819 245 501

221 318 332 346 turos
376 320 633 357 cognoscere3
678 317 789 356 patet
828 320 871 345 ex
913 309 1040 345 tribus
1079 307 1420 346 distinccionibus
1453 308 1539 356 lupi

223 368 271 403 ab
303 379 375 403 ove
409 376 445 403 et
480 367 601 403 modo
633 366 788 403 vivendi
836 366 1132 414 prepositorum
1167 367 1274 415 quod
1308 367 1397 414 plus
1431 366 1540 402 simi-

223 425 356 461 lantur
385 423 490 472 lupis
523 437 643 472 quam
676 423 836 471 ovibus;
884 433 920 460 et
965 424 1021 460 sic
1066 433 1176 472 patet
1209 426 1412 472 quomodo
1447 437 1540 461 con-

223 481 407 529 fessione,
430 481 673 530 operacione
697 490 734 518 et
758 480 1059 529 exemplacione
1083 482 1275 518 debemus
1303 481 1541 518 distribuere

191 545 382 576 §nostros
406 539 633 587 prepositos
657 539 846 587 precipue
869 551 913 576 ex
936 538 1153 576 affeccione
1174 540 1235 576 vel
1269 539 1541 576 detestacione

223 596 406 645 pecunie.
466 597 506 633 Si
551 596 657 633 enim
705 596 931 645 prepositus
977 596 1272 634 ecclesiasticus
1304 596 1398 633 vivit
1431 609 1541 633 secu—

225 654 361 691 lariter
384 654 544 691 Christo
574 653 787 701 contrarie,
822 654 853 690 si
887 653 1066 691 obmittit
1098 655 1228 691 facere
1260 654 1429 691 subditis
1461 654 1541 690 suis

222 724 347 760 opera
388 712 494 748 bona
538 713 585 748 de
629 724 786 761 genere,
831 711 863 748 si
897 712 1036 760 palliat
1068 712 1247 749 officium
1281 712 1414 760 gracia
1448 725 1541 749 con-

223 770 420 818 gregande
452 769 632 817 pecunie,
676 769 840 806 indubie
884 769 948 806 hic
981 779 1039 806 est
1077 770 1207 818 lupus,
1257 770 1349 818 quia
1388 770 1419 806 si
1453 770 1542 818 plus

104 830 184 866 203⁰
224 828 380 864 laborat
412 834 455 863 ut
487 827 618 875 rapiat
651 823 905 880 paulperem
939 840 1061 876 quam
1094 837 1138 864 ut
1171 840 1214 863 ex
1249 828 1417 864 caritate
1450 841 1542 876 pro·

225 893 331 921 creet
364 883 437 920 sibi
460 884 592 921 anime
618 885 785 921 salutem
817 886 964 921 nedum
989 884 1121 933 perdit
1148 898 1298 921 nomen
1334 885 1542 922 christiani

225 950 389 990 propter
411 943 712 979 subversionem
743 942 895 980 ordinis
931 943 1109 979 caritatis
1142 945 1211 979 sed
1234 943 1364 979 induit
1392 955 1541 979 nomen

158 1006 185 1037 N
225 999 308 1048 lupi
354 1000 523 1047 rapacis.
582 1001 632 1036 Et
682 1000 772 1036 ideo
818 1008 1064 1048 protestatur
1106 1001 1323 1048 Apostolus
1367 1002 1541 1037 Actuum

226 1059 307 1107 XX,
342 1058 407 1106 26,
453 1058 520 1094 ubi
559 1059 772 1105 prophetat
817 1059 1032 1095 adventum
1079 1058 1265 1106 luporum
1313 1058 1540 1106 rapacium3

174 1119 209 1152 15
227 1116 409 1162 Mundus,
433 1114 575 1164 inquit,
600 1128 671 1165 ego
693 1128 776 1152 sum
800 1129 822 1152 a
844 1117 1034 1167 sanguine
1056 1116 1248 1161 onustum,-
1280 1125 1316 1152 et
1339 1116 1540 1164 sequitur:

226 1173 444 1223 Argentum
476 1181 602 1209 autem
636 1181 672 1209 et
702 1186 840 1209 aurum
875 1186 942 1210 nec
980 1181 1121 1210 vestem
1155 1174 1297 1210 nullius
1328 1174 1541 1223 concupivi,

227 1231 323 1267 sicut
346 1243 413 1267 vos
435 1231 508 1279 ipsi
526 1231 654 1276 scitis;
684 1231 880 1279 numquid
905 1231 1106 1268 credimus
1139 1231 1347 1280 religiosos
1382 1240 1542 1268 nostros

229 1287 284 1325 sic
330 1300 468 1336 rapere
511 1288 709 1336 lupaciter
754 1290 912 1326 labores
956 1289 1187 1326 tenencium
1227 1289 1471 1337 simplicium
1506 1298 1543 1326 et

228 1358 369 1382 vorare
394 1347 500 1382 bona
522 1347 770 1394 pauperum?
804 1347 1018 1384 Conclusio
1043 1346 1243 1384 catholica
1275 1347 1425 1384 indicet
1452 1360 1541 1384 cum

173 1419 214 1440 20
228 1415 349 1452 opere
393 1403 423 1439 si
461 1412 519 1440 est
550 1404 617 1440 ita.
653 1407 754 1440 Nam
789 1405 820 1441 si
854 1405 1072 1454 quicquam
1107 1404 1271 1453 capiunt
1295 1405 1421 1442 eciam
1456 1418 1543 1453 pre-

228 1469 335 1498 textu
388 1461 605 1498 elemosine
649 1464 697 1498 ab
751 1462 886 1511 aliquo
930 1462 1098 1500 seculari
1143 1462 1219 1499 nisi
1264 1464 1314 1499 ob
1362 1475 1542 1500 amorem

232 1518 426 1556 maiorem
471 1520 522 1556 ad
568 1521 787 1556 secularem
835 1533 857 1557 a
890 1533 969 1569 quo
1014 1523 1164 1557 bonum
1204 1521 1301 1556 illud
1345 1520 1544 1569 recipiunt

230 1589 351 1625 quam
396 1585 560 1625 propter
603 1577 859 1614 affeccionem
907 1579 957 1615 ad
989 1578 1086 1615 illud
1132 1579 1296 1624 bonum,
1343 1578 1398 1615 sic
1437 1579 1544 1627 quod

232 1634 358 1671 maius
391 1634 597 1682 spirituale
630 1637 780 1672 bonum
797 1635 1011 1673 intendunt
1040 1637 1220 1683 reddere,
1243 1644 1412 1684 peccant
1440 1649 1545 1673 mor-

174 1698 213 1729 25
230 1691 363 1729 taliter
386 1700 423 1729 et
441 1701 532 1729 sunt
554 1693 657 1740 lupi3
690 1702 800 1741 patet
824 1706 867 1730 ex
900 1695 1057 1731 defectu
1091 1694 1270 1731 caritatis
1303 1694 1342 1730 in
1375 1694 1546 1731 faciente

230 1749 476 1798 oppositum,
524 1750 555 1787 si
599 1750 749 1788 indicet
787 1752 952 1788 affeccio
985 1764 1107 1801 quam
1140 1753 1334 1789 habemus
1367 1753 1417 1788 ad
1451 1765 1545 1801 que-

230 1809 414 1855 rendum,
448 1809 499 1845 ad
532 1810 851 1846 consumendum
875 1818 913 1846 et
936 1810 985 1846 ad
1006 1809 1261 1846 retinendum
1289 1809 1542 1858 temporalia,

230 1865 262 1902 si
307 1875 364 1902 est
408 1866 475 1902 ita.
527 1866 733 1915 Numquid
778 1867 980 1904 credimus
1027 1876 1186 1904 nostros
1225 1868 1546 1915 possessionatos

231 1921 469 1960 elemosinas
493 1933 852 1973 quantumcunque
876 1938 1039 1972 magnas
1064 1925 1255 1962 renuere?
1287 1925 1364 1962 Ubi
1389 1935 1446 1962 est
1479 1925 1545 1961 illa

174 1986 215 2018 30
230 1994 302 2017 vox
334 1981 546 2029 Augustini
579 1982 708 2030 posita
741 1982 780 2018 in
814 1983 983 2020 decretis
1023 1996 1142 2020 causa
1174 1984 1290 2028 XVII,
1330 1983 1473 2019 ultimo
1507 1984 1545 2018 in

232 2038 330 2075 fine:
378 2039 601 2088 Quicunque
644 2041 911 2077 exhereditato
947 2041 1029 2088 filio
1074 2042 1254 2077 heredem
1300 2041 1380 2076 vult
1403 2041 1547 2089 jacere

231 2093 429 2133 ecclesiam
463 2105 597 2145 querat
629 2098 795 2134 alterum
830 2099 894 2147 qui
921 2099 1117 2148 suscipiat,
1166 2111 1239 2135 non
1271 2098 1544 2149 Augustinum,

223 2166 366 2205 ymmo
399 2155 482 2190 Deo
511 2155 703 2204 propicio,
735 2157 922 2193 neminem
954 2156 1133 2194 inveniat.
1167 2157 1282 2192 Unde
1309 2156 1349 2191 in
1372 2157 1455 2192 XIII
1481 2168 1543 2192 ca·
1560 2164 1626 2191 The
1647 2164 1751 2205 Saints
1773 2164 1823 2191 did

114 2218 192 2256 204⁸
232 2211 360 2259 pitulo
397 2213 431 2247 V
469 2212 586 2249 huius
636 2213 791 2250 ostendi
820 2210 825 2266 Ι
855 2227 975 2262 quam
1029 2214 1234 2261 fugibilem
1287 2214 1543 2261 gravedinem
1596 2199 1795 2260 Εἳῶῑοῗξέξζξῖ

177 2273 215 2305 35
233 2269 360 2306 sancti
391 2278 630 2317 reputarunt
670 2270 878 2308 ecclesiam
919 2272 1050 2308 dotari
1084 2271 1375 2319 temporalibus
1407 2272 1475 2308 sed
1509 2280 1546 2308 et
1585 2268 1812 2338 aflffitv‘i'tflgssgly

233 2326 430 2375 acquisita
462 2328 703 2365 suffecerunt
734 2328 820 2377 ipsa
853 2329 936 2366 sine
969 2330 1109 2366 dolore
1142 2329 1341 2366 amittere.
1376 2331 1428 2365 Ex
1458 2328 1546 2365 tali·
1767 2324 1772 2329 ’

190 2424 193 2427 ,
233 2385 304 2420 bus
349 2397 495 2433 nempe
540 2399 752 2433 possumus
798 2386 1003 2423 evidenter
1036 2387 1261 2424 discernere
1302 2386 1333 2423 si
1367 2386 1546 2434 ipsorum

232 2442 517 2490 temporalium
552 2443 741 2481 diuturna
773 2444 939 2481 adhesio
973 2444 1064 2481 fecit
1096 2458 1188 2481 vasa
1216 2444 1388 2493 Spiritus
1412 2444 1547 2493 Sancti

234 2511 278 2536 ex
309 2500 444 2549 quieta
476 2501 695 2539 adhesione
727 2511 956 2550 putrescere
1004 2511 1041 2539 et
1086 2503 1174 2550 plus
1215 2503 1350 2539 dolere
1383 2511 1549 2551 propter

303 2668 350 2703 34.
371 2669 448 2697 Cod.
460 2679 466 2697 :
478 2670 669 2706 jugabilem.

310 2753 359 2785 13.
392 2754 465 2784 Act.
497 2753 569 2795 XX,
604 2755 656 2793 33,
691 2755 742 2794 34.
854 2755 906 2787 30.
939 2753 1074 2786 Decreti
1108 2755 1267 2786 Secunda
1301 2755 1395 2794 Pam,
1434 2755 1547 2786 Causa

236 2799 337 2837 XVII,
365 2809 422 2840 qu.
449 2800 505 2839 IV,
533 2810 605 2842 cap.
633 2800 751 2831 XLIII.
