2050 3292
209 215 289 263 518

223 1601 407 1629 Discussion
429 1609 461 1627 as

230 1642 261 1664 to
282 1637 410 1671 degrees
431 1636 465 1662 of

226 1672 273 1699 sin
295 1680 345 1698 are
367 1671 452 1703 vaiu;

207 1715 252 1733 we
279 1706 390 1733 should
416 1706 481 1733 sear

282 1742 319 1769 all
341 1742 397 1769 sin.

929 224 988 256 DE
1017 224 1153 257 CIVILI
1181 224 1391 257 DOMINIO.
1565 212 1675 268 [CAP.
1695 221 1808 251 xxiv.

496 341 603 366 nunc
635 330 726 366 volo
754 324 760 383 1
789 330 896 377 quod
936 329 1145 379 displiceat
1185 330 1305 368 michi
1338 344 1410 379 pro
1440 332 1469 367 B
1503 330 1670 368 instanti
1703 332 1810 380 quod
1857 333 1937 361 2¹0⁶

495 399 689 435 umquam
723 399 845 435 pecco
879 399 922 423 ex
954 387 1238 436 supposicione
1271 390 1460 426 secunda.

552 447 607 481 Ex
639 458 719 493 quo
752 444 933 493 sequitur
964 447 1073 495 quod
1118 459 1224 483 nunc
1253 448 1342 484 volo
1378 459 1438 484 me
1473 447 1568 484 velle
1600 460 1809 496 nunquam

495 515 662 551 peccare
695 511 732 539 et
763 515 834 551 per
867 516 1115 553 consequens
1149 504 1255 542 iuxta
1288 504 1460 553 primam
1486 504 1810 553 supposicionem

494 573 599 597 nunc
631 561 722 597 volo
765 574 974 609 nunquam
1009 575 1189 610 peccare,
1236 575 1488 611 consequens
1522 563 1683 614 falsum,
1717 562 1844 611 quia5

495 619 584 655 volo
618 630 786 666 peccare
819 631 946 668 usque
978 622 1029 656 ad
1061 622 1091 656 B
1124 620 1290 657 instans.

551 675 718 713 Videtur
750 689 844 725 ergo
876 689 995 714 omne
1034 686 1242 726 peccatum
1276 678 1548 715 voluntarium
1591 691 1673 715 esse
1705 678 1812 715 illius

496 734 666 780 malicie,
713 736 820 783 quod
865 734 1034 772 includit
1086 735 1127 772 in
1160 750 1199 773 se
1238 736 1548 785 perpetuitatem
1581 736 1810 783 voluntatis,

494 793 634 828 saltem
667 792 863 840 implicite
897 794 944 829 ad
978 795 1243 841 peccandum.
1296 796 1344 830 Et
1382 794 1448 830 ille
1480 794 1637 831 videtur
1675 807 1813 831 sensus

492 849 706 898 Augustini
738 850 779 886 in
812 852 869 887 De
902 851 1043 888 Verbis
1077 852 1240 889 Domini
1278 864 1463 889 sermone
1495 853 1665 899 XXVIII,
1704 854 1812 901 quod
1834 867 1872 889 10

494 907 563 955 qui
596 908 719 945 semel
750 907 1023 957 indisponitur
1055 911 1105 946 ad
1139 909 1258 946 hodie
1282 911 1582 956 celebrandum,
1617 923 1689 958 pro
1714 923 1812 959 quo-

495 978 652 1015 cunque
691 975 874 1014 tempore
906 967 1069 1004 racione
1103 968 1302 1005 contrarie
1341 968 1572 1008 voluntatis.
1617 968 1704 1016 Qui,
1754 968 1813 1004 in-

495 1023 593 1072 quit,
618 1036 690 1060 non
713 1032 887 1060 meretur
909 1025 1022 1061 hodie
1044 1026 1233 1076 accipere,
1267 1039 1340 1062 non
1362 1033 1535 1063 meretur
1552 1034 1643 1075 post
1668 1038 1810 1062 annunt

493 1082 681 1131 accipere,
698 1083 828 1131 accipe
842 1095 982 1131 panem
1007 1084 1269 1133 quotidianum
1293 1084 1472 1133 quotidie,
1496 1096 1581 1120 cum
1605 1084 1654 1120 sit
1676 1091 1812 1120 contra

492 1140 714 1189 quotidiana
758 1141 919 1177 vulnera
965 1142 1165 1189 medicina,
1212 1144 1279 1178 sed
1329 1142 1383 1178 Sic
1435 1143 1519 1178 vive
1563 1149 1603 1177 ut
1646 1142 1870 1190 quotidie15

493 1198 683 1234 merearis
726 1198 914 1247 accipere.
967 1201 1015 1236 Et
1056 1199 1095 1236 in
1134 1199 1388 1248 perversione
1419 1199 1639 1236 voluntatis
1671 1212 1812 1248 pecca-

494 1255 592 1292 toris
624 1264 734 1304 patet
766 1257 988 1293 secundum
1020 1257 1340 1294 Lincolniensem
1375 1257 1509 1294 divina
1540 1257 1700 1294 iusticia
1732 1271 1812 1306 qua

494 1326 567 1362 pro
589 1326 693 1362 pena
715 1314 942 1351 honorabili
967 1316 1162 1363 dampnat
1186 1324 1440 1364 peccatorem
1468 1328 1571 1364 pena
1594 1324 1811 1364 perpetua;

494 1371 727 1420 implicatur
750 1372 855 1408 enirn
880 1372 1066 1410 voluntas
1089 1374 1284 1422 peccandi
1308 1382 1519 1422 perpetue;
1549 1373 1637 1410 ideo
1661 1373 1809 1410 iustum

495 1438 552 1466 est
584 1431 692 1478 quod
725 1430 1090 1478 proporcionaliter
1122 1431 1323 1480 puniatur.
1369 1434 1417 1467 Et
1454 1431 1495 1467 in
1534 1430 1611 1468 isto
1644 1440 1812 1479 peccato
1831 1446 1872 1468 20

495 1496 683 1524 cecantur
727 1488 843 1524 multi
888 1489 1060 1525 adulteri
1106 1490 1234 1526 eciam
1280 1491 1509 1526 sacerdotes
1554 1498 1591 1526 et
1636 1489 1704 1526 alii
1744 1489 1812 1538 qui

493 1546 632 1582 volunt
665 1557 822 1582 servare
855 1546 1059 1583 accionem
1096 1548 1304 1595 peccandi.

552 1605 595 1640 In
658 1603 733 1640 ista
777 1604 945 1641 materia
987 1605 1146 1642 videtur
1190 1604 1310 1642 michi
1354 1605 1464 1653 quod
1509 1618 1589 1641 non
1632 1613 1814 1653 superest

493 1661 608 1699 nobis
630 1661 831 1698 viantibus
852 1662 941 1708 nisi,
967 1663 1167 1710 diligendo
1184 1666 1325 1709 Deum,
1350 1663 1492 1700 timere
1507 1662 1644 1699 omnia
1667 1675 1814 1711 genera

494 1728 754 1768 peccatorum
800 1728 837 1756 et
881 1733 962 1760 non
1006 1721 1126 1758 nimis
1173 1721 1328 1758 curiose
1368 1721 1567 1758 discutere
1605 1722 1813 1769 proposito
1832 1726 1871 1757 25

495 1786 662 1826 peccato
696 1779 743 1814 de
776 1779 901 1825 gradu
936 1791 1005 1815 sue
1037 1779 1281 1826 gravedinis3
1327 1779 1418 1816 licet
1451 1778 1557 1816 enim
1591 1781 1811 1817 secundum

496 1835 764 1883 Augustinum
790 1836 1052 1875 Enchiridion
1074 1839 1193 1873 XLIII
1226 1850 1299 1873 non
1332 1838 1521 1874 inutiliter
1548 1837 1554 1885 Ι
1581 1845 1815 1874 exercentur
1854 1840 1937 1873 210⁶

497 1894 652 1944 ingenia
684 1894 718 1930 si
748 1894 979 1930 adhiheatur
1012 1896 1230 1945 deceptacio
1265 1896 1490 1940 anderczta;
1531 1904 1668 1932 tamen
1714 1895 1816 1943 peri-

498 1953 683 1990 culosum.
727 1960 783 1990 est
828 1952 1046 2001 quicquam
1094 1966 1269 1992 asserere
1321 1955 1429 2001 quod
1481 1965 1564 1989 non
1617 1954 1816 1990 convinc1t

498 2022 650 2059 sensus,
696 2009 805 2047 racio
850 2011 911 2047 vel
956 2011 1168 2060 scriptura.
1222 2012 1326 2056 Quid
1365 2024 1460 2061 opus
1492 2019 1559 2058 est,
1599 2010 1742 2060 inquit,
1778 2019 1816 2047 ut
1833 2017 1874 2049 30

498 2069 568 2104 hec
600 2075 713 2116 atque
746 2068 967 2105 huiusmodi
996 2070 1250 2120 affirmentur
1282 2070 1343 2105 vel
1373 2077 1578 2120 negentur,
1611 2070 1672 2105 vel
1702 2069 1816 2119 affir-

498 2133 656 2162 mantur
677 2138 762 2162 cum
787 2126 1020 2172 discrimine,
1044 2129 1196 2177 quando
1218 2128 1301 2164 sine
1323 2128 1544 2164 discrimine
1566 2127 1818 2163 nesciuntur?

499 2185 600 2221 Cum
634 2197 729 2231 ergo
768 2186 988 2221 secundum
1030 2187 1201 2223 eundem
1242 2194 1422 2223 sanctum
1458 2184 1721 2222 Enchiridion
1755 2197 1817 2221 ca-

498 2242 626 2290 pitulo
661 2243 742 2278 LXI
787 2255 858 2291 que
900 2243 976 2279 Sint
1009 2244 1121 2290 levin,
1166 2257 1235 2292 que
1265 2244 1409 2294 gravia
1436 2250 1608 2292 peccata,
1642 2255 1714 2279 non
1748 2243 1816 2278 lzu-

498 2312 612 2336 mano
647 2301 720 2336 sed
759 2300 888 2336 divino
921 2301 1061 2338 iudicio
1093 2302 1168 2339 sint
1194 2303 1408 2351 pensanda,
1450 2303 1500 2338 ad
1538 2300 1634 2349 quid
1669 2300 1815 2337 sollici·
1834 2305 1873 2338 35

499 2366 602 2394 taret
646 2358 869 2394 securiosus
915 2358 956 2394 in
988 2359 1146 2405 talibus,
1194 2372 1284 2396 cum
1319 2369 1472 2396 certum
1505 2358 1664 2396 videtur
1707 2360 1816 2407 quod

499 2415 611 2452 omni
644 2424 810 2464 peccato
844 2417 892 2452 de
926 2430 1005 2465 quo
1040 2425 1230 2466 peccator
1263 2417 1459 2454 contritus
1491 2430 1573 2455 non
1596 2416 1817 2454 absolvitur

499 2474 539 2509 in
570 2473 632 2511 via
677 2474 976 2522 dampnabitur,
1022 2484 1065 2512 ut
1111 2476 1205 2512 dicit
1250 2475 1380 2523 prima
1424 2474 1599 2523 posici0·;
1645 2483 1683 2510 et
1727 2474 1816 2511 ideo

500 2532 627 2568 multa
671 2541 765 2569 sunt
808 2542 974 2580 peccata
1020 2547 1096 2582 que
1140 2533 1308 2570 fuissent
1350 2533 1522 2571 venialia
1568 2531 1817 2569 contricione

571 2640 609 2659 12.
630 2633 692 2668 qui.
715 2632 811 2661 Cod.:
834 2633 917 2668 quid.
1008 2642 1055 2667 24.
1077 2634 1148 2661 m'si.
1170 2633 1267 2661 Cod.:
1287 2641 1316 2660 a.
1390 2632 1435 2668 34.
1458 2632 1552 2660 Cod.:
1572 2640 1631 2667 que
1650 2635 1729 2659 sunl.

575 2700 625 2724 12.
652 2693 743 2734 Opp.
762 2699 847 2725 tom.
867 2694 909 2732 V,
929 2695 1018 2735 App.
1039 2703 1115 2735 pag.
1141 2694 1213 2727 153.
1311 2701 1363 2730 27.
1391 2694 1474 2735 Cap'.
1500 2702 1602 2733 supra
1622 2697 1819 2726 membrato

500 2736 555 2769 hic
580 2739 680 2769 locus
699 2749 770 2770 non
788 2743 888 2780 extat,
903 2738 1036 2771 'rectius
1055 2751 1128 2782 cap.
1150 2741 1233 2780 LIX,
1254 2741 1345 2782 Opp.
1364 2746 1450 2772 tom.
1463 2738 1519 2779 VI,
1542 2739 1617 2770 2‘18.
1700 2739 1757 2771 33.
1776 2738 1819 2770 Et

500 2784 555 2815 hic
594 2795 691 2862 errcgr
729 2785 925 2818 scribentis:
964 2793 1015 2817 est
1053 2787 1145 2818 enim
1184 2797 1257 2828 cap.
1298 2786 1476 2825 LXXVIII,
1515 2785 1608 2827 Opp.
1646 2791 1732 2815 tom.
1760 2785 1817 2825 Vl,

500 2840 577 2872 pag.
608 2841 645 2863 22
677 2856 683 2862 .
