2050 3292
215 240 237 279 5
250 241 295 267 12

247 656 314 684 The
335 656 447 692 higher

230 694 332 729 clergy
352 692 463 720 should

231 728 299 761 give
319 728 369 755 the
388 726 476 754 work

226 763 261 790 οῖ’
277 762 475 790 distribution

265 802 296 825 to
317 797 434 826 others.

265 1699 436 1728 Difference

215 1735 347 1763 between
371 1734 478 1763 morta!

213 1772 272 1799 and
294 1770 392 1798 venial
414 1771 469 1799 sin.

239 2214 347 2242 Mortal
370 2214 416 2241 sin
437 2214 463 2241 is

256 2250 322 2288 that
340 2249 441 2276 which

236 2289 343 2312 resists
364 2292 462 2318 grace.

929 240 988 271 DE
1016 240 1152 272 CIVILI
1179 241 1388 273 DOMINIO.
1574 229 1679 286 [CAR
1702 239 1811 268 XXIV-

502 356 740 396 paupertate
785 346 1010 394 evangelica
1050 346 1313 395 relinquendo
1352 346 1438 384 aliis
1478 347 1810 388 distribue-ionem

502 407 722 453 bonorum3
768 405 835 454 qui
881 406 1027 441 debent
1070 405 1202 453 primo
1246 415 1386 442 notare
1425 408 1533 454 quod
1566 405 1605 442 in
1640 419 1812 455 persona

501 477 571 500 sua
603 463 733 500 vivent
765 463 805 500 in
839 462 1059 500 dileccione
1091 462 1270 500 strictam
1304 463 1441 508 vitam,
1475 466 1650 501 secundo
1673 474 1813 502 notare

502 521 833 558 circumstancias
868 533 1132 568 personarum
1166 521 1311 569 quibus
1340 523 1455 557 debet
1490 522 1574 559 fieri
1607 531 1644 559 et
1675 523 1812 571 negari

502 579 749 625 distribucio,
796 589 833 615 et
878 579 1002 616 tercio
1035 579 1120 616 sine
1170 579 1516 616 thezaurizacione
1567 580 1846 629 dampnabili&

502 637 829 674 distribucionem
866 637 1004 685 exequi
1038 650 1127 674 cum
1162 637 1334 685 fervore3
1381 639 1526 675 debent
1572 638 1675 674 enim
1722 652 1814 687 pro-

502 695 636 731 videre
696 707 893 743 pauperes
950 695 1214 731 invalitudine
1271 695 1450 743 corporis
1501 696 1729 744 inpotentes
1773 706 1815 733 ut

504 753 599 799 ceci,
634 752 778 798 claudi,
811 754 873 789 vel
905 753 1067 798 debiles,
1103 762 1139 789 et
1154 753 1226 789 viri
1250 753 1484 801 speculativi
1507 755 1568 791 vel
1600 754 1814 799 scolastici,

504 812 700 859 prophete
754 819 791 848 et
843 811 1129 858 predicatores,
1184 823 1230 847 ac
1282 811 1359 847 illis
1411 812 1556 848 debent
1609 813 1816 849 moderate

503 869 686 905 distribui
739 869 954 905 elemosine
999 870 1242 917 corporales.
1297 870 1397 905 Illud
1449 879 1581 906 autem
1636 871 1814 907 officium
1839 881 1875 901 ¹0

501 936 667 975 propter
700 927 846 963 erroris
868 926 1104 963 facilitatem
1128 927 1255 963 visum
1287 936 1344 963 est
1367 927 1588 976 antiquitus
1612 925 1814 981 patribus}

501 997 715 1021 onerosum
764 994 801 1021 et
844 984 900 1021 sic
945 986 995 1021 ad
1040 984 1249 1021 inferiores
1295 985 1460 1022 ecclesie
1504 987 1724 1023 secundum
1758 986 1816 1023 in-
1858 983 1938 1017 208b

501 1042 791 1079 formacionem
817 1044 1091 1079 membrorum
1117 1042 1281 1079 ecclesie
1305 1042 1573 1091 spiritualium
1602 1044 1815 1092 pertinere,

502 1102 615 1137 Unde
646 1103 735 1138 Act.
758 1101 823 1146 Vl,
856 1112 893 1137 1:
926 1102 1089 1137 Factum
1123 1109 1178 1137 est
1211 1114 1391 1137 murmur
1427 1102 1643 1138 Grecorzmz
1683 1110 1817 1139 contra

501 1160 690 1209 Hebmos,
724 1171 766 1195 eo
798 1159 900 1207 quod
933 1159 1045 1195 vidue
1077 1171 1209 1195 eorum
1245 1171 1295 1195 ex
1327 1158 1874 1197 oneracioneilliusnfzim'-15

500 1217 611 1253 ιςίενῐί
630 1224 718 1253 sunt
740 1225 964 1266 contempte.
1000 1219 1092 1253 Ideo
1124 1217 1299 1254 ostendit
1328 1217 1514 1254 dominus
1538 1219 1818 1255 Armachanus

502 1275 603 1311 libro
637 1277 667 1311 Il
708 1277 765 1311 De
799 1274 1076 1323 questionibus
1108 1275 1394 1311 Armeniorum
1435 1275 1613 1324 capitulo
1646 1278 1679 1312 X
1711 1278 1818 1325 quod

503 1332 727 1369 dominium
768 1342 835 1369 aut
875 1332 1142 1376 ministerium
1182 1333 1468 1381 temporalium
1509 1347 1589 1370 non
1622 1343 1679 1370 est
1713 1336 1818 1383 apud

503 1390 791 1427 ecclesiasticas
826 1390 1054 1439 dignitates,
1090 1390 1182 1428 licet
1215 1391 1371 1439 aliquos
1405 1392 1661 1431 comitentur.

646 1566 976 1614 CAPITULUM
1009 1567 1328 1615 VICESIMUM
1365 1568 1599 1616 QUARTU
1612 1569 1668 1616 M.
1838 1592 1879 1613 20

559 1681 732 1720 Ulterius
771 1693 892 1720 restat
931 1683 1038 1720 iuxta
1071 1683 1274 1731 promissa
1316 1683 1513 1721 discutere
1546 1684 1817 1721 differenciam
1859 1687 1887 1718 A

501 1740 604 1777 inter
654 1751 864 1789 peccatum
911 1741 1064 1778 veniale
1116 1751 1153 1778 et
1205 1751 1419 1789 peccatum
1462 1743 1644 1787 mortale,
1697 1755 1816 1791 quam

505 1799 783 1837 differenciam
808 1799 970 1848 quidam
997 1798 1225 1848 exprimunt
1247 1811 1317 1848 per
1350 1801 1437 1845 hoc,
1472 1802 1580 1848 quod
1612 1814 1685 1848 pro
1707 1801 1817 1837 omni

503 1857 664 1894 mortali
708 1870 778 1906 per
809 1870 849 1895 se
883 1866 940 1894 est
972 1866 1162 1906 peccator
1201 1858 1483 1906 dampnabilis,
1529 1860 1599 1895 sed
1630 1872 1713 1895 non
1745 1872 1817 1907 pro

502 1915 638 1964 aliquo
670 1915 828 1953 veniali.
863 1917 1012 1953 Contra
1046 1915 1163 1952 istam
1199 1915 1472 1952 differenciam
1508 1916 1726 1964 replicatur
1750 1918 1875 1965 per25

502 1975 578 2010 hoc
622 1975 730 2022 quod
775 1987 856 2010 non
901 1983 959 2010 est
1003 1973 1193 2022 possibile
1238 1987 1310 2021 pro
1344 1974 1479 2022 aliquo
1518 1986 1685 2022 peccato
1719 1974 1819 2011 citra

502 2040 712 2079 peccatum
737 2031 865 2069 finalis
888 2031 1158 2080 inpenitencie
1180 2031 1354 2080 aliquem
1379 2044 1449 2079 per
1472 2045 1512 2069 se
1529 2033 1819 2081 condempnari

502 2099 539 2126 et
572 2102 641 2137 per
674 2102 921 2138 consequens
954 2091 1085 2126 solum
1123 2089 1220 2125 illud
1253 2090 1355 2126 foret
1393 2100 1601 2138 peccatum
1637 2091 1817 2132 mortale,

502 2147 629 2184 eciam
673 2160 747 2196 pro
792 2147 903 2184 omni
946 2157 1114 2196 peccato
1148 2156 1507 2196 quantumcunque
1541 2148 1697 2194 veniali,
1743 2148 1819 2185 nisi

503 2205 698 2242 contritus
737 2205 927 2253 peniteat,
968 2214 1025 2242 est
1065 2206 1358 2253 dampnandus.
1412 2208 1596 2243 Secunda
1628 2206 1690 2243 via
1724 2205 1819 2243 dicit
1836 2208 1877 2240 30

503 2265 610 2312 quod
663 2263 871 2312 quodlibet
924 2272 1133 2312 peccatum
1188 2276 1416 2312 repugnans
1476 2264 1609 2312 gracie
1659 2273 1816 2312 gratum

502 2321 663 2358 facienti
709 2330 747 2358 et
790 2322 918 2359 solum
972 2321 1073 2358 illud
1126 2330 1183 2358 est
1234 2331 1444 2370 peccatum
1495 2323 1676 2359 mortale.
1740 2323 1817 2359 Sed

502 2379 658 2416 videtur
690 2381 799 2428 quod
832 2379 968 2428 gracia
1001 2379 1361 2428 predestinacionis
1401 2389 1478 2416 stat
1518 2393 1606 2417 cum
1642 2379 1816 2426 mortali,

502 2446 544 2473 ut
577 2446 688 2486 patet
720 2439 769 2474 de
802 2439 919 2474 Petro
953 2446 991 2474 et
1023 2437 1203 2487 quolibet
1235 2438 1522 2486 predestinato,
1563 2439 1695 2486 quoad
1729 2450 1818 2486 pec-

503 2504 635 2532 catum
660 2495 876 2544 originale3
909 2504 1093 2544 preterea
1116 2508 1206 2532 cum
1230 2495 1379 2532 noticia
1403 2496 1519 2532 huius
1542 2495 1818 2532 distinccionis
1835 2496 1873 2529 35

503 2553 552 2590 sit
584 2562 666 2590 tam
700 2553 940 2600 necessaria,
973 2553 1129 2591 videtur
1168 2555 1278 2602 quod
1311 2553 1531 2602 expressius
1565 2562 1622 2590 est
1654 2554 1819 2601 loquen—

503 2612 611 2657 dum,
646 2624 737 2648 cum
770 2611 980 2660 proposito
1013 2611 1246 2660 particulari
1265 2621 1430 2659 peccato
1454 2611 1631 2648 nescitur
1653 2623 1722 2659 per
1746 2612 1818 2648 hec

504 2669 609 2705 dicta
638 2666 643 2720 l
671 2679 806 2706 utrum
853 2669 901 2706 sit
947 2670 1116 2706 mortale
1161 2678 1228 2706 aut
1275 2669 1442 2715 veniale,
1496 2669 1591 2718 quia
1641 2668 1819 2706 nescitur
1860 2670 1939 2702 208⁶

508 2859 535 2887 Ἲς
569 2826 731 2888 g.dCod.:
758 2827 843 2888 cJtpud
868 2827 961 2854 deest.
1036 2834 1079 2861 19.
1109 2827 1205 2855 Cod.:
1233 2827 1394 2862 dignitar,·
1419 2827 1459 2853 ib.
1488 2826 1583 2855 Cod.:
1610 2826 1816 2855 continentur.

502 2868 545 2887 3⁴.
595 2868 612 2887 ο
639 2870 662 2887 .:
684 2869 765 2888 nescz
783 2882 789 2888 .
