2050 3292
234 227 313 265 592

953 227 1011 259 DE
1039 227 1176 259 CIVILI
1202 227 1412 260 DOMINIO.
1608 215 1720 270 [CAP.
1736 225 1836 252 XXV.

521 332 661 380 porali,
706 340 747 368 ut
789 333 1096 380 preordinancia
1129 333 1261 370 divina
1295 334 1492 382 dependet
1523 346 1545 370 a
1577 333 1836 382 preordinato

521 390 562 426 in
596 390 756 426 racione
801 389 961 438 obiecti,
1006 404 1088 427 non
1131 390 1172 427 in
1216 391 1380 428 racione
1413 403 1533 428 cause
1564 391 1745 428 formalis
1777 392 1836 429 vel

522 447 732 484 efficientis
776 447 1021 496 simpliciter,
1068 456 1109 485 ut
1152 448 1215 485 hic
1260 450 1517 497 supponitur3
1564 457 1601 486 et
1644 450 1698 485 sic
1736 462 1836 485 unus

521 514 651 553 potest
686 507 827 542 mereri
859 506 972 542 alteri
1005 506 1178 554 primam
1213 508 1389 555 graciam
1429 508 1497 543 sed
1529 519 1609 543 non
1644 507 1836 555 predesti-

521 565 752 607 nacionem;
788 573 824 600 et
858 563 912 600 sic
946 576 1064 601 cause
1097 577 1220 613 quare
1254 567 1359 602 Deus
1391 564 1640 613 predestinat
1673 567 1869 601 Petrum5

522 630 579 657 est
610 622 760 666 Petrus,
806 623 968 658 racione
1011 624 1118 670 quod
1150 622 1243 659 facit
1276 624 1327 660 ad
1355 620 1359 675 Ι
1389 624 1477 659 hoc.
1532 624 1663 659 Causa
1702 633 1835 659 autem
1876 628 1959 666 240a

522 678 650 715 finalis
683 691 754 727 per
786 692 826 716 se
860 687 916 716 est
946 680 1052 717 solus
1085 682 1205 718 Deus.

579 736 656 773 Sed
698 737 861 774 ulterius
907 737 1123 785 dubitatur,
1176 739 1383 786 quomodo
1428 736 1597 786 quilibet
1641 737 1836 786 prescitus

521 794 718 830 infinitum
766 795 924 842 gravius
969 805 1110 843 peccat
1155 808 1272 843 quam
1319 796 1627 844 predestinatus.
1676 796 1837 832 Videtur

521 852 625 888 enim
672 852 804 900 primo
849 853 959 901 sequi
1004 866 1047 890 ex
1092 854 1168 890 hoc
1200 855 1306 902 quod
1338 865 1458 890 nemo
1499 854 1559 889 cui
1590 865 1672 889 non
1704 852 1755 890 sit
1788 854 1837 890 ad
1858 865 1897 887 xo

521 911 596 946 hoc
648 910 874 958 specialiter
926 912 1121 948 revelacio
1181 910 1549 948 excommunicaret
1602 911 1723 947 aliurn
1776 912 1837 947 vel

520 967 678 1015 puniret
722 981 796 1016 pro
841 968 1009 1006 crimine
1054 970 1162 1017 quod
1206 969 1333 1006 nescit
1378 978 1512 1006 utrum
1545 968 1667 1005 faciat
1700 977 1839 1006 contra

522 1027 725 1062 decretum
760 1026 846 1063 Dei.
881 1028 958 1064 Sed
992 1026 1139 1064 dicitur
1170 1028 1277 1075 quod
1310 1028 1400 1064 licet
1430 1039 1473 1063 ex
1509 1027 1674 1064 caritate
1697 1027 1838 1075 punire

521 1084 835 1131 predestinatum
896 1094 932 1121 et
990 1086 1226 1133 precludere
1284 1084 1358 1121 sibi
1418 1084 1835 1122 communicacionem

522 1141 698 1177 fidelium
746 1151 783 1179 et
825 1143 1103 1191 recepcionem
1149 1142 1408 1180 ecclesiastici
1456 1142 1714 1189 sacramenti,
1768 1143 1895 1179 sed15

521 1208 680 1247 oportet
723 1200 889 1237 omnino
933 1202 1040 1249 quod
1085 1202 1157 1237 hec
1202 1201 1300 1237 fiant
1343 1200 1570 1237 intencione
1602 1200 1838 1249 proficiendi

521 1257 660 1305 punito
704 1267 742 1294 et
786 1271 829 1295 ex
873 1271 972 1307 pura
1005 1258 1171 1296 caritate
1204 1259 1362 1296 Christo
1396 1258 1562 1295 ecclesie
1595 1267 1633 1294 et
1677 1257 1837 1306 punito;

520 1327 593 1351 nec
626 1316 701 1352 hoc
731 1317 844 1353 obest
876 1317 1147 1364 predestinato
1178 1317 1246 1354 sed
1277 1316 1449 1365 proficit,
1484 1328 1574 1353 cum
1609 1318 1713 1352 Deus
1746 1328 1838 1352 con—

520 1372 628 1409 tinue
662 1386 761 1422 eque
794 1374 920 1422 diligit
966 1376 1054 1411 eu‘m
1100 1375 1223 1412 eciam
1260 1382 1297 1411 et
1328 1382 1563 1423 peccantem
1599 1373 1834 1411 mortaliter.

520 1431 791 1469 Periculosum
839 1441 896 1469 est
935 1441 1067 1469 autem
1103 1432 1217 1469 aliter
1249 1432 1609 1472 excommunicare.
1654 1433 1838 1469 Secundo
1855 1441 1898 1464 20

521 1488 695 1525 obicitur
738 1501 810 1538 per
842 1491 918 1526 hoc
951 1492 1060 1538 quod
1092 1492 1196 1527 iuxta
1243 1490 1360 1528 istam
1395 1491 1635 1528 sentenciam
1671 1489 1839 1538 quilibet

520 1546 813 1594 predestinatus
858 1557 1079 1585 mereretur
1124 1548 1412 1585 beatitudinem
1458 1548 1583 1585 eciam
1632 1549 1839 1596 peccando

522 1605 744 1641 mortaliter
777 1613 813 1642 et
851 1605 1019 1654 quilibet
1052 1606 1244 1655 prescitus
1276 1607 1547 1643 demereretur
1585 1605 1712 1642 eciam
1747 1618 1838 1654 pro-

522 1664 726 1709 merendo,
772 1665 879 1712 quod
911 1664 1062 1701 videtur
1094 1676 1318 1713 repugnare
1350 1665 1459 1701 omni
1491 1664 1610 1701 scole.
1665 1665 1712 1700 Et
1746 1676 1839 1700 con-

520 1722 732 1769 sequencia
765 1721 820 1758 sic
852 1723 1063 1770 probatur:
1098 1722 1243 1759 Gracia
1268 1730 1551 1759 momentanea
1574 1721 1669 1758 facit
1690 1721 1838 1770 presci-
1854 1722 1895 1755 25

520 1787 603 1815 tum
640 1779 783 1815 mereri
817 1779 1007 1828 quicquid
1039 1779 1079 1816 in
1113 1793 1157 1817 ea
1191 1780 1340 1826 fecerit,
1373 1781 1443 1817 sed
1476 1780 1674 1817 infinitum
1712 1779 1840 1817 maior

522 1844 579 1873 est
611 1836 746 1884 gracia
777 1837 1138 1885 predestinacionis
1173 1838 1299 1875 eciam
1332 1840 1370 1874 in
1402 1847 1594 1887 peccante
1626 1850 1746 1886 quam
1782 1846 1839 1874 est

521 1894 654 1942 aliqua
679 1896 811 1942 gracia
833 1896 872 1931 in
901 1897 1084 1944 prescito,
1118 1896 1237 1944 igitur
1261 1897 1386 1933 multo
1410 1896 1536 1944 magis
1559 1895 1642 1943 ipse
1666 1904 1839 1932 meretur

521 1952 805 1989 beatitudinem
853 1966 943 1990 cum
987 1962 1099 1990 tanta
1132 1954 1268 2002 gracia
1309 1954 1495 2002 quicquid
1530 1953 1679 1990 fecerit.
1734 1954 1837 1990 Con—

521 2010 706 2046 firmatur
750 2023 792 2047 ex
826 2011 934 2048 dicto
966 2012 1172 2060 Augustini
1205 2012 1371 2049 dicentis
1411 2013 1516 2060 quod
1552 2010 1710 2060 expedit
1740 2012 1839 2048 tales
1857 2013 1898 2044 30

519 2069 692 2105 incidere
724 2068 764 2105 in
805 2078 970 2117 peccata
1002 2069 1174 2106 notoria.
1220 2071 1260 2107 Si
1305 2082 1399 2118 ergo
1433 2069 1589 2118 expedit
1632 2070 1682 2105 ad
1715 2068 1838 2106 beati-

520 2126 699 2162 tudinem
734 2127 1019 2174 acquirendam
1049 2124 1053 2179 ἱ
1083 2128 1136 2164 sic
1168 2129 1278 2176 quod
1311 2128 1449 2164 exinde
1481 2136 1572 2164 sunt
1604 2127 1838 2163 beatitudini
1878 2136 1944 2168 240

521 2184 743 2232 propiores,
764 2184 932 2230 videtur,
957 2187 1063 2233 quod
1086 2194 1129 2221 ut
1150 2185 1207 2223 sic
1229 2185 1515 2223 beatitudinem
1540 2193 1836 2233 promerentur.

520 2241 595 2278 Hic
629 2241 774 2278 dicitur
806 2244 986 2279 notando
1019 2252 1282 2292 assumptum,
1326 2256 1413 2280 cum
1450 2244 1591 2280 mereri
1630 2242 1678 2279 sit
1713 2242 1837 2290 digni·
1876 2244 1908 2275 M

521 2299 641 2336 ficare
687 2301 737 2336 ad
781 2300 996 2348 premium,
1042 2302 1295 2349 suspenditur
1339 2313 1434 2350 ergo
1468 2300 1613 2338 caritas
1646 2301 1837 2348 predesti-
1857 2302 1896 2336 35

520 2358 696 2394 nacionis
733 2359 772 2393 in
811 2366 1004 2406 peccante
1044 2359 1268 2396 mortaliter
1311 2368 1347 2396 et
1380 2358 1550 2396 excludit
1589 2366 1720 2395 actum
1757 2371 1838 2395 me-

520 2415 646 2458 rendi,
682 2424 719 2451 et
750 2416 804 2451 sic
829 2416 1007 2464 intelligo
1031 2417 1309 2454 Bernhardum
1334 2417 1403 2453 ubi
1426 2429 1547 2465 supra
1571 2416 1746 2464 capitulo
1767 2417 1837 2452 VI:

521 2473 664 2519 David,
708 2474 845 2523 inquit,
890 2486 974 2510 cum
1003 2475 1179 2523 peccavit
1212 2475 1414 2511 caritatem
1449 2487 1522 2511 non
1552 2474 1741 2524 perdidit,
1771 2475 1840 2510 sed

521 2530 712 2580 obstupuit
761 2532 1048 2580 quodammodo
1100 2532 1136 2568 in
1189 2545 1231 2569 eo
1285 2533 1430 2569 caritas
1476 2533 1529 2568 ad
1578 2531 1836 2568 vehementem

520 2588 786 2638 temptacionis
818 2596 944 2625 actum
991 2598 1026 2626 et
1071 2590 1248 2626 caritatis
1286 2591 1322 2626 in
1367 2603 1423 2638 eo,
1458 2601 1695 2639 nequaquam
1721 2589 1838 2638 facta
1853 2602 1898 2633 40

520 2653 574 2681 est
606 2646 781 2692 abolicio,
833 2648 902 2683 sed
940 2648 1051 2696 quasi
1081 2649 1244 2697 quedam
1284 2648 1501 2697 soporacio.
1556 2648 1710 2684 Caritas
1743 2658 1838 2695 ergo

520 2703 779 2751 predestinati
812 2705 1014 2753 peccantis
1046 2718 1127 2742 non
1162 2707 1396 2753 minoratur,
1430 2707 1497 2742 sed
1532 2717 1603 2754 per
1627 2713 1836 2753 peccatum

1947 2125 1960 2142 b

587 2812 632 2845 37.
655 2812 749 2841 Cod.:
784 2821 852 2848 cap.
881 2813 932 2841 X1.
963 2814 1102 2842 correxi.
1131 2815 1172 2842 ib.
1203 2815 1392 2843 Bernhardt.
1497 2823 1540 2849 41.
1568 2815 1662 2842 Cod.:
1698 2814 1836 2842 obelicio.

518 2853 566 2881 42.
588 2847 684 2875 Cod.:
701 2848 926 2883 predestinata
