2050 3292
220 230 300 280 508
932 239 990 270 DE
1017 239 1152 270 ctvtm
1179 239 1389 270 mommo.
1572 227 1681 281 [CAP.
1702 237 1810 264 xxm.

506 345 654 381 facturn
689 344 842 380 homini
876 352 1009 380 manet
1043 344 1245 392 capacitas
1268 343 1347 380 voti
1377 344 1555 387 secundi,
1589 344 1690 381 sicut
1722 354 1812 393 post

505 411 640 438 votum
676 402 823 438 factum
859 404 960 446 Deo3
1006 414 1078 438 nec
1110 402 1266 438 videtur
1310 414 1432 450 quare
1465 402 1639 450 primum
1673 411 1809 439 votum

505 459 554 495 sit
587 459 848 504 meritorium,
888 459 984 507 quin
1016 460 1235 496 secundum
1271 468 1307 495 et
1340 459 1536 508 quotlibet
1573 459 1808 507 replicatum

506 529 549 553 ex
592 525 704 553 tanto
748 517 902 553 fervore
931 515 935 566 Ι
965 517 1142 553 caritatis
1183 517 1232 553 sit
1268 526 1349 553 tam
1385 516 1645 556 meritorium.
1697 519 1811 554 Unde
1853 526 1932 558 2060

504 574 720 622 Apostolus
752 575 780 611 Ι.
805 574 897 611 Cor.
919 575 982 617 VI,
1011 586 1056 612 12
1105 575 1315 611 excludens
1360 587 1381 611 a
1425 587 1465 611 se
1496 583 1631 611 votum
1677 575 1843 618 huius-5

506 631 614 668 modi
657 632 783 668 eciam
818 640 1012 680 quantum
1047 632 1096 668 ad
1128 632 1377 680 questionem
1411 633 1458 668 de
1490 632 1721 680 ydolatricis
1754 632 1809 669 sic

506 688 616 735 dicit,
661 690 787 725 omnia
833 689 945 725 licent
982 690 1050 725 sed
1087 702 1158 725 non
1198 690 1323 726 omnia
1362 689 1584 739 expediunt.
1637 692 1685 726 Et
1718 702 1812 726 con-

505 756 715 794 sequenter
748 747 947 794 explicans
981 746 1064 783 eius
1097 747 1319 784 libertatem
1354 749 1488 796 quoad
1520 747 1811 795 obligacionem

506 804 678 840 fiendam
715 804 881 848 homini,
915 804 1060 849 subdit,
1095 805 1221 841 omnia
1254 805 1371 842 michi
1401 805 1514 841 licent
1544 806 1614 842 sed
1641 818 1714 856 ego
1745 807 1813 842 sub

504 862 646 898 nullius
679 863 843 913 redigar
869 870 1072 911 potestate.
1108 862 1148 899 Si
1182 862 1304 911 igitur
1336 863 1533 911 obligacio
1567 863 1672 900 facta
1701 863 1813 899 uxori
1834 879 1871 900 10

505 920 681 956 retardat
715 933 736 956 a
770 920 878 956 cultu
911 919 1045 956 divino
1079 933 1195 968 quem
1230 922 1383 957 solutus
1422 920 1545 957 libere
1578 930 1708 969 potest
1741 921 1813 957 im-

504 978 676 1025 pendere
710 977 770 1026 (ut
807 986 916 1025 patet
954 980 980 1013 I.
1027 979 1117 1016 Cor.
1147 979 1244 1024 VII),
1302 978 1556 1015 manifestum
1604 988 1662 1015 est
1705 980 1814 1027 quod

505 1044 794 1083 consequenter
831 1035 1029 1083 obligacio
1070 1036 1117 1072 de
1156 1036 1393 1072 obediencia
1431 1037 1535 1073 faeta
1568 1035 1814 1085 imprudenti

506 1092 707 1141 preposito
759 1102 859 1129 esset
911 1102 991 1130 tam
1051 1106 1074 1130 a
1113 1094 1230 1130 latria
1263 1094 1506 1132 retardandi.
1553 1096 1687 1130 Potest
1719 1107 1814 1142 ergo

507 1150 584 1187 dici
619 1152 725 1199 quod
758 1163 900 1187 vovere
938 1151 987 1187 sit
1026 1160 1249 1188 creaturam
1287 1152 1530 1189 racionalem
1565 1164 1605 1188 se
1638 1152 1814 1200 obligare
1835 1158 1870 1190 15

505 1221 575 1244 suo
621 1208 817 1256 superiori
861 1211 911 1245 ad
956 1209 1108 1257 aliquid
1153 1209 1314 1246 difficile
1348 1211 1655 1255 observandum,
1690 1218 1727 1246 et
1759 1218 1816 1246 est

505 1267 564 1302 vel
608 1266 792 1303 sensibile
825 1267 884 1302 vel
928 1267 1169 1312 insensibile,
1216 1267 1320 1303 circa
1354 1276 1590 1315 perpetuum
1624 1268 1685 1304 vel
1717 1276 1815 1304 tem-

506 1324 656 1372 porale,
702 1324 914 1371 providum
958 1326 1019 1361 vel
1062 1324 1352 1372 improvidurn3
1406 1325 1616 1373 providum
1669 1333 1815 1371 autem,

217 1390 267 1416 All
289 1397 375 1428 vow‘s
397 1393 479 1416 must
507 1394 596 1418 curn
643 1381 692 1417 sit
726 1383 809 1418 Deo
853 1374 1012 1418 sonans*
1046 1384 1265 1419 secundum
1312 1384 1439 1431 legem
1474 1384 1524 1419 ad
1557 1382 1628 1419 Dei
1663 1384 1813 1419 cultum

218 1426 275 1485 thbee
289 1424 542 1492 {sssslffifalmofet
564 1439 742 1476 voventis
766 1441 1041 1477 commodum.
1076 1442 1191 1476 Unde
1215 1440 1309 1489 quia
1338 1441 1377 1476 in
1400 1441 1501 1477 votis
1535 1440 1639 1477 iacet
1672 1453 1816 1488 magna
1832 1456 1873 1476 20

264 1493 444 1562 ⁸¹50&ngng
506 1496 760 1545 ambiguitas,
785 1497 1120 1546 subintelligenda
1153 1507 1210 1534 est
1243 1498 1317 1535 ista
1339 1498 1534 1544 condicio,
1569 1507 1607 1535 et
1629 1510 1700 1547 per
1723 1511 1815 1535 con—

504 1567 673 1603 sequens
717 1555 757 1591 in
801 1555 981 1604 quolibet
1026 1555 1252 1592 iuramento
1297 1557 1473 1593 humano
1516 1556 1577 1592 vel
1618 1565 1710 1593 voto
1755 1568 1815 1592 ex-

505 1612 689 1660 cipienda
734 1622 790 1649 est
833 1613 1083 1661 superiorum
1129 1613 1360 1665 auctoritas,
1405 1623 1448 1650 ut
1482 1623 1589 1662 patet
1622 1616 1689 1650 XV
1721 1626 1815 1663 que-

504 1670 632 1706 stione
653 1672 701 1706 VI
724 1672 994 1707 auctoritatem
1018 1684 1087 1720 per
1110 1671 1471 1716 Archidiaconum;
1495 1680 1532 1708 et
1555 1672 1646 1708 hinc
1668 1684 1815 1709 vovens

504 1727 757 1776 illegitimum
792 1737 830 1765 et
861 1729 1001 1766 inutile
1033 1742 1113 1766 non
1146 1738 1303 1766 tenetur
1326 1731 1490 1767 solvere.
1525 1731 1638 1766 Unde
1660 1730 1816 1766 videtur
1832 1735 1870 1765 23

504 1786 661 1822 salubre
694 1788 803 1834 quod
834 1799 980 1824 vovens
1013 1788 1157 1824 habeat
1190 1788 1320 1836 primo
1353 1788 1549 1824 fervorem
1583 1788 1732 1824 amoris
1766 1789 1815 1824 ad

233 1840 336 1867 Hence
356 1839 473 1866 useless
507 1846 646 1890 Deum,
691 1846 868 1880 secundo
914 1846 1022 1893 quod
1052 1854 1189 1882 votum
1234 1845 1283 1881 sit
1316 1845 1422 1882 circa
1465 1845 1562 1881 utile
1607 1854 1643 1881 et
1675 1846 1814 1893 legale,

215 1874 302 1936 vgiir‘}
319 1874 488 1936 ppelagxgttutlo
505 1901 629 1938 tercio
662 1914 755 1938 vero
788 1904 897 1950 quod
930 1915 1074 1939 vovens
1114 1903 1264 1939 nitatur
1303 1903 1496 1951 perficere
1527 1912 1663 1939 votum
1698 1916 1812 1939 suum

261 1945 295 1970 be
314 1943 452 1971 *umned'
505 1959 611 1995 iuxta
644 1959 742 1995 illud
773 1961 934 1997 Psalmo
959 1962 1107 2005 LXXV,
1139 1972 1204 1998 12:
1250 1961 1383 1997 Vovete
1411 1969 1445 1997 et
1475 1961 1625 1997 reddite
1647 1961 1813 1997 Domino

504 2017 587 2053 Deo
621 2025 769 2062 vestr0;
808 2027 845 2054 et
882 2020 931 2055 de
969 2018 1046 2054 illis
1085 2019 1264 2067 loquitur
1303 2020 1495 2055 Salomon
1527 2021 1642 2055 Prov.
1676 2020 1754 2065 XV,
1789 2019 1872 2056 890

513 2075 602 2110 Vota
622 2075 808 2111 iustorum
828 2076 1051 2124 placabilia.
1075 2076 1142 2113 Sic
1160 2076 1263 2112 enirn
1281 2078 1402 2113 Jacob
1419 2078 1560 2114 Genes.
1576 2077 1743 2122 XXVIII,
1761 2087 1811 2114 22

503 2132 609 2168 vovit
642 2135 738 2177 Deo,
773 2135 878 2182 quod
912 2135 1080 2170 solveret
1118 2134 1191 2170 sibi
1225 2135 1399 2171 decimas
1438 2136 1486 2170 de
1519 2134 1703 2170 omnibus
1737 2146 1813 2182 que

505 2190 700 2226 Dominus
734 2190 767 2226 ei
802 2193 895 2228 dare
927 2193 1086 2228 volebat
1119 2192 1158 2228 in
1191 2191 1350 2237 itinere;
1384 2193 1492 2240 quod
1525 2194 1679 2240 agebat.

562 2250 609 2283 Et
643 2257 836 2296 quantum
860 2250 909 2285 ad
933 2249 1296 2286 racionabilitatem
1331 2249 1370 2286 in
1393 2258 1485 2287 voto
1519 2250 1656 2286 scribit
1679 2250 1812 2286 Eccle-
1851 2253 1881 2284 T

504 2305 641 2342 siastes
665 2307 709 2352 V,
740 2317 778 2343 1:
823 2307 882 2342 Ne
925 2314 1068 2343 temere
1109 2308 1200 2357 quid
1244 2308 1415 2356 loquaris
1452 2320 1571 2357 neque
1608 2320 1675 2344 cor
1707 2312 1868 2344 tuum35

502 2364 551 2399 sit
584 2365 700 2400 velox
736 2365 786 2399 ad
813 2365 1096 2413 proferendum
1134 2377 1350 2402 sermonem
1390 2378 1521 2402 coram
1556 2366 1652 2402 Deo.
1706 2366 1813 2402 Dens

503 2421 600 2457 enim
633 2422 668 2457 in
702 2422 780 2457 celo
814 2430 848 2457 et
879 2429 917 2457 tu
940 2435 1058 2471 super
1079 2430 1242 2469 terram,
1276 2424 1358 2459 ideo
1381 2424 1456 2459 sint
1480 2424 1597 2473 pauci
1616 2435 1812 2459 sermones

503 2479 570 2515 tui.
616 2481 662 2515 Et
707 2479 746 2515 in
791 2479 866 2515 isto
909 2480 1041 2517 deficit
1074 2482 1211 2517 Petrus
1245 2482 1369 2517 Math.
1401 2482 1534 2525 XXVI,
1568 2491 1619 2530 35
1656 2481 1809 2517 dicens:

573 2655 614 2685 ¹⁰.-
634 2648 790 2683 obltgacio
810 2649 839 2676 in
857 2657 952 2684 marg.
968 2650 1005 2677 al.
1023 2658 1104 2677 man.
1177 2649 1215 2678 13.
1237 2650 1331 2678 Cod.:
1353 2650 1586 2686 ohligacionem.
1660 2659 1700 2685 ¹4·
1718 2651 1811 2679 Cod.:

503 2689 586 2713 esse:
605 2682 644 2708 ib.
664 2687 746 2714 tam,·
767 2684 854 2710 cod.:
877 2688 978 2711 tamen
988 2694 998 2717 ‚·
1017 2685 1065 2712 hic
1086 2684 1213 2712 verbum
1236 2685 1329 2712 deest.
1404 2694 1444 2720 ¹7·
1460 2688 1642 2721 perpetuum
1663 2686 1692 2712 in
1715 2695 1801 2721 marg

503 2716 540 2743 aI.
562 2724 671 2751 manu;
693 2718 721 2745 in
754 2723 852 2745 textu:
883 2719 1086 2754 propositum.
1202 2727 1240 2747 21.
1273 2720 1410 2748 voventis
1441 2720 1471 2747 in
1503 2728 1618 2755 marg.;
1643 2720 1680 2755 vin
1713 2726 1803 2748 textu:

503 2752 660 2779 moventis.
733 2759 776 2788 27.
798 2753 902 2785 circa:
921 2755 1006 2781 cod.:
1029 2762 1115 2782 cura.
1189 2754 1227 2782 31.
1249 2755 1343 2781 Cod.:
1364 2755 1499 2782 sienim.

574 2842 627 2874 23,
655 2835 737 2876 Cap.
764 2836 789 2867 II
818 2837 933 2868 Guido
961 2847 978 2868 a
1005 2838 1121 2869 Baiiso
1147 2837 1167 2868 l.
1196 2848 1222 2870 c.
1250 2848 1326 2880 pag.
1355 2848 1432 2870 212.
