2050 3292
245 207 335 236 CAr‘.
357 197 454 251 xxi]
706 209 841 241 LIBER
867 209 1077 242 TERTIUS.

245 315 441 363 scriptura
473 314 593 350 veteri
627 316 852 351 sacerdotes
884 315 1079 363 prophete
1113 322 1149 351 et
1170 315 1342 362 populus
1367 326 1409 350 ex
1427 326 1552 362 oppo-

244 373 318 409 sito
359 372 669 420 distinguuntur,
708 381 750 408 ut
783 381 892 420 patet
921 375 1062 411 Jerem,
1094 374 1226 417 XXIII,
1267 372 1394 408 multo
1427 371 1552 419 magis

244 430 361 477 igitur
394 432 509 466 debet
543 442 625 466 esse
660 429 865 466 distinccio
899 431 1115 466 sacerdotis
1149 443 1170 466 a
1198 430 1348 477 populo
1372 438 1553 476 tempore

244 487 340 535 legis
374 487 532 524 Christi.

211 551 227 583 5
301 546 486 581 Secundo
509 544 681 581 obicitur
703 544 928 592 theologice
951 557 1021 592 per
1043 546 1118 581 hoc
1142 546 1248 592 quod
1264 545 1348 581 Act.
1367 545 1550 591 XX11,25

244 602 420 650 capitulo
443 602 573 651 querit
598 603 741 638 Paulus
764 615 837 649 pro
861 615 901 638 se
924 604 1028 650 ipso:
1059 603 1101 637 Si
1123 603 1311 638 hominem
1336 603 1551 637 Romanum

244 668 277 695 et
309 661 598 709 indanzprmtum
616 660 719 695 licuit
751 660 880 695 taliter
901 660 1130 710 flagellare,
1165 668 1202 695 et
1226 668 1440 707 postquam
1464 671 1553 695 cen-

243 717 348 753 turio
380 717 575 754 intimavit
606 717 768 753 tribuno
802 718 908 765 quod
940 717 1012 753 fuit
1044 716 1137 753 civis
1167 719 1383 761 Romanus,
1416 724 1554 764 postea

244 774 439 811 concessit
482 774 656 825 tribuno,
701 776 808 823 quod
854 774 926 810 fuit
971 777 1187 812 Romanus.
1248 777 1296 810 Et
1338 782 1553 822 postquam

190 832 425 869 iotribunus
459 832 553 868 dixit
591 834 699 880 quod
738 833 857 868 multa
903 845 1052 868 summa
1086 833 1183 868 lianc
1215 832 1434 868 civilitatem
1468 844 1555 868 con-

242 898 393 926 secutus
425 898 499 935 est5
531 891 676 926 Paulus
698 890 773 928 ait:
807 902 878 940 ego
901 897 1027 925 autem
1062 898 1097 926 et
1126 898 1237 926 natus
1263 902 1362 926 sum.
1396 892 1449 925 Ex
1475 902 1554 937 quo

242 961 431 996 processu
472 948 626 984 videtur
670 947 778 983 innui
824 949 931 996 quod
977 948 1121 984 Paulus
1165 949 1313 983 nedum
1354 947 1425 982 fuit
1466 948 1554 982 civis

242 1009 446 1043 Romanus
484 1006 552 1042 sed
592 1005 765 1041 civilitati
799 1007 976 1042 Romane
1009 1005 1223 1051 subiectus,
1265 1014 1302 1041 et
1335 1018 1425 1041 cum
1459 1013 1554 1040 tunc

241 1063 313 1099 fuit
346 1063 557 1111 episcopus
575 1063 719 1100 Christi
753 1062 967 1111 precipuus
1001 1072 1038 1099 et
1071 1076 1141 1111 per
1174 1075 1423 1111 consequens
1456 1075 1555 1110 pure

189 1120 422 1169 1f>clericus,
460 1121 638 1169 sequitur
676 1122 784 1169 quod
816 1120 908 1157 licet
940 1133 1038 1168 pure
1077 1120 1227 1157 clericis
1261 1120 1428 1156 civiliter
1460 1132 1554 1156 con-

239 1181 402 1225 versari3
446 1191 526 1215 non
570 1178 674 1215 enim
716 1179 960 1215 credendum
1000 1187 1057 1214 est
1090 1179 1256 1214 Paulum
1298 1191 1369 1226 pro
1408 1180 1551 1214 timore

243 1236 381 1273 mortis
415 1236 570 1273 finxisse
604 1236 871 1274 mendacium.

121 1291 195 1330 177⁰
299 1294 374 1330 Hic
406 1293 549 1330 dicitur
570 1290 574 1346 Ι
594 1294 808 1342 suppositis
841 1292 970 1330 verbis
1004 1301 1129 1331 textus
1164 1294 1271 1342 quod
1301 1294 1449 1329 Paulus
1483 1292 1555 1328 fuit

242 1361 358 1388 natus
399 1351 437 1387 in
471 1353 618 1400 oppido
653 1351 802 1388 Galilee
835 1353 995 1388 nomine
1029 1351 1221 1396 Giscallo;
1263 1364 1342 1399 quo
1382 1360 1498 1398 capto
1534 1363 1556 1386 a

186 1427 227 1448 20
243 1409 433 1446 Romanis
473 1409 563 1445 inde
603 1410 817 1445 translatus
857 1418 913 1445 est
950 1410 1147 1445 Tharsum
1188 1421 1209 1445 a
1249 1410 1476 1457 parentibus
1519 1416 1556 1443 et

243 1467 296 1503 ibi
343 1469 552 1513 educatus3
598 1476 635 1503 et
679 1467 768 1503 ideo
803 1466 946 1503 dicitur
984 1467 1199 1502 Tarsiensis
1238 1468 1324 1502 Act.
1367 1467 1426 1508 IX,
1466 1465 1556 1501 licet

245 1524 448 1561 nativitate
482 1525 555 1560 fuit
588 1524 777 1571 Galileus,
810 1526 909 1560 sicut
933 1525 1111 1561 Christus
1144 1533 1261 1560 natus
1293 1524 1332 1560 in
1356 1524 1556 1559 Bethleem

248 1591 412 1631 propter
445 1581 709 1619 nutricionem
746 1583 827 1619 eius
859 1584 896 1617 in
919 1583 1118 1618 Nazareth
1146 1582 1291 1618 dicitur
1314 1584 1556 1626 Nazarenus,

248 1649 290 1676 ut
313 1648 421 1689 patet
444 1641 567 1676 Math.
592 1642 635 1677 ΙΙ,
670 1642 811 1676 Postea
833 1652 927 1676 vero
957 1639 1099 1676 missus
1133 1648 1190 1676 est
1211 1640 1357 1676 Paulus
1391 1652 1412 1675 a
1444 1647 1557 1687 patre

192 1698 290 1736 25in
326 1699 491 1734 Judeam
532 1710 604 1745 pro
654 1699 783 1734 studio
822 1699 1016 1745 scripture
1067 1699 1174 1745 quod
1212 1696 1261 1733 ibi
1300 1697 1438 1745 viguit3
1483 1709 1556 1732 nec

247 1756 319 1792 fuit
353 1756 497 1792 Paulus
530 1756 699 1792 multum
734 1768 895 1792 morans
927 1757 965 1791 in
995 1756 1121 1792 Tarso
1154 1756 1221 1790 sed
1254 1755 1294 1791 in
1326 1756 1407 1791 eius
1432 1755 1558 1790 muni-

249 1813 360 1861 cipiis
404 1813 442 1849 id
490 1822 547 1849 est
590 1815 725 1850 castris
769 1814 829 1850 vel
873 1812 1002 1861 opidis
1039 1814 1238 1849 Tharsum
1285 1811 1559 1849 adiacentibus

252 1870 401 1907 civitati
434 1870 489 1906 illi
522 1872 747 1910 tributariis.
794 1871 909 1908 Unde
941 1878 1054 1919 pater
1082 1871 1189 1906 Pauli
1228 1878 1368 1919 potens
1391 1871 1559 1918 pecunia

251 1930 392 1964 dicitur
448 1929 666 1976 inpetrasse
724 1929 967 1976 privilegium
1033 1937 1070 1964 et
1116 1929 1338 1964 libertatem
1400 1928 1560 1963 civitatis

189 1993 232 2025 30
249 1987 429 2022 Romane
467 1999 539 2034 pro
578 1999 618 2022 se
657 1995 693 2022 et
730 1988 805 2022 suis
844 1987 1066 2023 heredibus.
1109 1987 1256 2022 Totum
1297 1986 1390 2021 illud
1424 1993 1561 2021 narrat

247 2045 433 2092 Magister
456 2045 738 2091 Historiarum
761 2053 894 2080 utrum
912 2052 1043 2079 autem
1069 2044 1216 2080 Paulus
1248 2044 1489 2080 nascebatur
1521 2044 1558 2078 in

244 2102 400 2138 Tharso
444 2103 569 2149 prima
615 2103 817 2138 nativitate
861 2101 920 2138 vel
952 2103 1139 2148 secunda,
1185 2110 1227 2137 ut
1270 2109 1385 2137 sonat
1430 2108 1558 2136 textus

245 2161 330 2198 Aet.
352 2160 468 2204 XXII,
493 2167 550 2196 est
571 2161 682 2196 nobis
705 2161 980 2207 impertinens;
1015 2160 1083 2195 sed
1099 2168 1256 2195 constat
1280 2160 1387 2207 quod
1409 2158 1556 2194 Paulus

247 2230 330 2254 non
364 2218 501 2254 asserit
531 2229 571 2253 se
605 2230 688 2254 esse
711 2218 909 2253 hominem
933 2218 1156 2253 Romanum
1182 2225 1291 2263 tunc,
1317 2229 1406 2252 cuin
1431 2217 1559 2263 querit

189 2278 229 2311 35
247 2275 504 2311 solummodo
529 2277 792 2323 questionem,
815 2287 888 2311 nec
912 2276 1049 2311 asserit
1071 2288 1112 2311 se
1134 2276 1352 2310 subiectum
1389 2274 1558 2309 civilitati

246 2335 439 2378 Romane,
474 2346 563 2369 cum
589 2334 694 2369 nude
719 2334 828 2369 dicit:
862 2345 935 2383 ego
965 2340 1090 2368 autem
1115 2340 1149 2368 et
1172 2339 1284 2368 natus
1304 2344 1402 2378 sitm,
1431 2331 1556 2379 suple,

247 2391 297 2427 ad
341 2389 586 2427 evadendum
632 2391 851 2439 periculum
898 2403 968 2438 per
1012 2390 1255 2438 privilegium
1302 2391 1441 2425 civium
1484 2390 1559 2424 Ro-

248 2461 475 2486 manorum.

175 2509 208 2540 M
302 2506 450 2542 Verum
484 2514 541 2542 est
574 2506 679 2554 quod
712 2506 849 2554 pocius
887 2506 1138 2542 habitacione
1169 2517 1250 2541 non
1274 2504 1455 2540 civilitate
1488 2504 1559 2540 fuit

194 2563 208 2581 d

131 2576 190 2608 177
246 2559 502 2617 Romalnus;
535 2576 607 2600 nec
639 2565 752 2600 obest
779 2571 961 2600 sanctum
988 2565 1222 2612 equivocare
1251 2574 1340 2599 cum
1364 2563 1557 2610 perversis

247 2732 302 2760 cod
314 2698 454 2768 21.p{')nctie.
475 2697 570 2726 Cod.=
590 2698 622 2732 Χ
642 2707 673 2722 =
694 2697 727 2725 id
746 2700 801 2725 est.
914 2705 958 2732 27.
982 2697 1076 2725 Cod.:
1098 2697 1250 2733 opidibus.
1359 2695 1558 2732 39.p0c1'us‚·

309 2741 330 2759 ,ἶ
393 2741 408 2759 S
423 2753 429 2758 .

321 2812 368 2834 11.
396 2805 469 2834 Act.
495 2802 597 2847 XXII,
625 2802 680 2833 28.

1756 215 1836 251 439

1617 540 1777 574 Obiection
1792 550 1796 567 :

1638 576 1681 603 St.
1702 575 1773 602 Paul

1594 610 1722 637 claimed
1744 609 1811 636 civil

1651 645 1758 680 rights.

1591 2049 1691 2076 Paul's
1711 2048 1831 2077 evasive

1632 2085 1791 2119 language.
