2050 3292
174 558 199 588 B

237 215 326 242 CAP.
349 207 473 259 xxm]
710 215 844 247 LIBER
871 215 1079 247 TERTius.

237 322 406 361 sollicite
449 332 487 360 et
531 331 682 359 attente
721 322 767 357 de
801 321 960 358 Christo
992 321 1052 358 vel
1085 334 1325 370 quocunque
1360 320 1543 369 diligibili

237 384 307 419 sub
351 381 512 418 racione
566 393 644 428 qua
696 378 886 427 diligibile
938 379 1026 426 plus
1069 379 1298 426 affigeretur
1339 392 1454 415 amor
1505 378 1544 414 in

237 441 366 488 ipsum
401 451 521 487 quam
555 437 780 475 attencione
815 449 860 473 ac
892 436 1109 473 affeccione
1142 436 1371 473 huiusmodi
1395 444 1546 484 preter-

241 497 382 534 missis.

295 557 417 591 Actus
462 552 566 589 enim
613 551 795 600 potencie
827 551 1126 588 indebilitabilis
1162 560 1198 588 et
1229 551 1545 599 incorruptibilis

239 625 282 649 ex
313 610 569 649 vehemencia
591 619 627 646 et
659 609 892 646 assiduitate
924 609 1165 645 fortificatur
1198 609 1237 645 in
1260 618 1480 657 posterum,
1504 618 1547 645 ut

240 677 349 718 patet
380 670 427 704 III
461 670 517 703 De
561 666 697 703 anima
741 675 779 703 et
823 675 931 703 certa
976 666 1237 713 experiencia.
1288 667 1348 702 Ad
1391 674 1546 703 tantum

240 726 342 764 enim
379 733 507 774 potest
540 725 661 761 homo
690 723 894 762 assuefieri
918 725 967 760 ad
992 723 1238 772 diligendum
1260 732 1377 772 turpe
1400 723 1549 761 odibile

240 786 348 833 quod
380 796 423 820 ex
455 782 717 819 diuturnitate
761 794 855 818 usus
898 781 1221 830 inseparabiliter
1260 781 1467 829 diligatur;
1513 790 1550 817 et

187 844 312 878 1ohec
356 840 464 878 racio
509 853 632 889 quare
677 839 858 877 Christus
902 848 983 875 tam
1035 841 1254 876 secundum
1300 838 1549 875 divinitatem

190 1134 225 1167 15

131 1424 207 1468 198⁸

189 1715 228 1746 25

191 2005 231 2036 30

194 2291 232 2325 35

241 912 360 948 quarn
424 900 645 935 secundum
707 897 1002 934 humanitatem
1054 896 1234 945 precepit
1291 898 1438 933 habere
1490 896 1550 932 sui

241 956 498 1003 memoriam3
544 964 582 993 et
628 956 704 993 ista
748 956 855 992 scola
898 955 1117 1003 profundat
1155 955 1304 991 multos
1342 954 1382 990 in
1414 967 1550 991 amore

242 1014 388 1051 divino.

301 1072 572 1108 Confirmatur
604 1084 647 1107 ex
686 1069 802 1107 dietis
847 1071 953 1118 quod
978 1069 1190 1106 dominans
1223 1068 1389 1106 civiliter
1421 1078 1464 1105 ut
1496 1069 1551 1106 sic

242 1130 504 1167 necessitatur
536 1142 608 1177 pro
641 1128 720 1165 alia
753 1136 866 1177 parte
897 1128 974 1164 vite
1007 1140 1076 1164 sue
1109 1127 1197 1175 plus
1230 1126 1422 1164 solicitari
1446 1126 1551 1163 circa

243 1186 482 1235 temporalia
527 1188 744 1235 querenda,
797 1187 970 1234 regenda
1022 1194 1091 1221 aut
1144 1186 1377 1232 exponenda
1431 1197 1551 1232 quam

244 1258 394 1294 pauper
447 1244 696 1292 evangelicus
748 1253 790 1280 ut
834 1242 1065 1280 huiusmodi
1109 1251 1148 1279 et
1191 1255 1262 1291 per
1306 1254 1554 1290 consequens

244 1304 397 1352 integra
422 1303 502 1339 vita
534 1302 571 1338 in
607 1311 697 1338 actu
731 1301 897 1338 civiliter
931 1300 1176 1337 dominantis
1221 1308 1279 1338 est
1315 1299 1554 1337 necessitata

245 1374 328 1399 esse
351 1359 630 1409 imperfeccior
653 1373 770 1408 quam
801 1359 956 1406 integra
988 1358 1068 1394 vita
1101 1357 1289 1406 pauperis
1323 1357 1554 1405 evangelici,

246 1419 339 1468 quia
384 1419 471 1467 plus
528 1419 690 1454 haberet
734 1419 782 1453 de
817 1415 820 1468 1
862 1416 1113 1453 solicitudine
1161 1416 1400 1464 inperfecta3
1465 1428 1555 1451 curn

246 1477 390 1526 quibus
423 1476 560 1512 iuncto
593 1477 700 1524 quod
733 1474 1081 1511 consideraciones
1114 1486 1159 1510 ae
1192 1473 1430 1511 affecciones
1457 1481 1556 1510 tem-

246 1534 445 1584 poralium
493 1542 529 1569 et
573 1532 775 1570 celestium
836 1541 974 1569 mutuo
1021 1544 1060 1568 se
1105 1530 1333 1568 distrahunt
1377 1530 1557 1579 sequitur

247 1593 581 1630 concludendum.
614 1594 713 1628 Nam
739 1590 869 1627 omnis
899 1590 1050 1627 activus
1083 1590 1233 1625 habens
1266 1588 1556 1626 discrecionem

247 1659 304 1688 est
326 1649 528 1687 sufficiens
552 1648 908 1697 indisposicionem
934 1648 1048 1684 istam
1076 1655 1258 1683 excutere
1292 1655 1328 1684 et
1352 1646 1471 1683 aliam
1505 1647 1558 1682 le-

245 1708 395 1746 viorem
428 1707 655 1756 paupertati
688 1706 835 1743 Christi
868 1707 955 1754 plus
988 1704 1159 1742 similem
1205 1704 1287 1741 sine
1327 1704 1559 1740 difficultate

247 1778 460 1804 assumere.
502 1767 549 1801 Et
582 1766 654 1801 hec
686 1772 744 1801 est
776 1763 884 1800 racio
918 1775 1041 1812 quare
1073 1762 1318 1811 Augustinus
1342 1761 1560 1810 Octoginta

246 1824 364 1860 trium
399 1822 600 1860 tricesima
633 1832 740 1859 sexta
777 1821 988 1870 questione
1031 1833 1122 1857 vere
1155 1819 1252 1857 dicit
1291 1822 1400 1868 quod
1440 1819 1561 1855 nutri-

246 1890 411 1919 mentum
444 1880 620 1917 caritatis
651 1888 706 1916 est
738 1880 901 1916 minucio
933 1879 1167 1928 cupiditatis,
1205 1878 1404 1928 perfeccio
1436 1885 1561 1913 autem

247 1941 351 1976 nulla
384 1939 586 1988 cupiditas.

305 1999 415 2043 Item,
448 1996 580 2033 omnis
604 1995 818 2043 obliquans
841 1996 901 2031 vel
925 1993 1129 2031 declinans
1158 2006 1178 2030 a
1204 1992 1348 2030 Christi
1372 1994 1564 2029 mandato

247 2056 327 2095 sive
360 2054 525 2091 consilio
558 2062 601 2089 ut
633 2053 688 2090 sic
721 2061 873 2101 peccat,
920 2061 962 2088 ut
1006 2059 1116 2100 patet
1161 2051 1323 2088 racione
1366 2050 1561 2098 proxima.

248 2113 390 2150 Omnis
435 2111 603 2148 civiliter
647 2110 861 2147 dominans
909 2110 965 2156 (in
999 2118 1194 2158 quantum
1228 2108 1476 2155 huiusmodi)
1509 2108 1563 2144 ita

249 2171 361 2218 facit3
396 2182 490 2218 ergo
524 2168 742 2206 conclusio.
796 2168 930 2204 Minor
963 2169 1157 2216 probatur
1197 2179 1239 2203 ex
1272 2167 1348 2203 hoc
1381 2167 1489 2214 quod
1522 2174 1564 2201 ut

249 2229 338 2265 talis
371 2226 659 2276 proprietarius
693 2239 773 2263 non
810 2225 939 2273 diligit
971 2227 1097 2262 Deum
1140 2237 1184 2261 ex
1215 2232 1300 2261 toto
1346 2224 1476 2271 corde,
1521 2235 1564 2259 ex

248 2295 331 2323 tota
376 2286 525 2330 anima,
572 2297 615 2321 ex
657 2293 740 2320 tota
774 2292 917 2329 mente,
965 2283 1066 2320 sicut
1108 2281 1286 2331 precepit
1318 2281 1492 2329 primum
1528 2289 1564 2316 et

252 2344 468 2381 maximum
503 2343 753 2388 mandatum,
807 2342 930 2377 Matb.
964 2342 1079 2387 XXII,
1114 2352 1163 2390 37
1211 2339 1419 2376 includens
1452 2338 1491 2374 in
1525 2350 1565 2374 se

193 2424 195 2427 -
251 2401 385 2438 omnia
413 2402 602 2437 mandata
625 2408 744 2447 atque
768 2398 946 2437 consilia.
980 2399 1079 2435 Cum
1106 2410 1199 2446 ergo
1222 2397 1329 2433 idem
1363 2396 1412 2433 sit
1435 2399 1563 2433 Deum

252 2460 414 2507 diligere
459 2468 496 2495 et
541 2459 731 2495 mandata
776 2456 857 2493 eius
904 2457 1131 2502 observare,
1177 2467 1220 2491 ex
1252 2456 1353 2491 XLII
1388 2453 1564 2502 capitulo

325 2640 361 2668 18.
384 2640 478 2668 Cod.:
501 2641 582 2667 actu.
655 2646 702 2666 20.
723 2638 816 2666 Cod.:
840 2638 966 2665 habere.
1032 2644 1080 2670 24,
1100 2635 1142 2663 25.
1164 2634 1261 2663 Cod.:
1283 2634 1346 2662 alia
1368 2654 1376 2662 .
1397 2654 1404 2661 .
1423 2633 1531 2661 simile.

322 2734 352 2765 7.
381 2724 404 2756 1.
432 2733 460 2755 e.
488 2722 704 2761 Aristoteles,
733 2722 782 2753 De
808 2721 935 2752 Anima
962 2720 1015 2763 ΙΙΙ,
1043 2729 1115 2760 cap.
1142 2718 1182 2750 111
1197 2717 1244 2760 (ἶ)
1341 2727 1395 2760 27.
1422 2718 1469 2748 St.
1495 2718 1567 2747 Au-

254 2769 514 2857 gpgtirggldfflpp.
553 2775 638 2800 tom.
663 2768 720 2809 Vl,
758 2777 835 2808 pag.
865 2767 914 2799 13.
1019 2764 1071 2798 38.
1110 2766 1160 2796 De
1198 2763 1299 2796 Civili
1339 2763 1504 2795 Dominio
1544 2763 1566 2804 I,

1748 208 1826 257 487

1648 558 1743 585 Habit

1596 593 1792 628 strengthens

1619 628 1773 655 affection.

1606 1074 1800 1108 Evangelical

1585 1114 1716 1145 poverly
1736 1109 1823 1144 helps

1620 1150 1651 1172 to
1672 1153 1688 1171 a
1709 1152 1795 1171 more

1604 1180 1717 1214 perfect
1737 1178 1798 1206 lite.

1596 1997 1695 2033 Every
1716 2005 1833 2031 owner,

1596 2041 1630 2060 as
1651 2032 1738 2065 such,
1760 2032 1835 2059 does

1596 2071 1650 2094 not
1669 2067 1738 2094 love
1759 2066 1828 2094 God

1613 2102 1688 2129 with
1710 2102 1748 2129 all
1770 2102 1818 2128 his

1609 2136 1706 2170 heart,
1728 2136 1815 2163 mind

1631 2171 1695 2199 and
1716 2171 1793 2198 soul.
