2050 3292
215 265 296 301 414

227 1126 252 1153 It
272 1126 298 1153 is
321 1129 373 1152 not
394 1126 472 1152 alms

216 1166 245 1188 to
262 1161 328 1196 give
349 1161 489 1195 lordship

232 1201 264 1223 to
285 1196 333 1233 the
355 1196 466 1233 cleijgy,

269 1238 351 1256 Since
373 1235 393 1256 it
414 1238 438 1256 1s

245 1266 365 1300 against
385 1265 464 1291 meir

263 1300 449 1334 profession.

926 258 984 289 DE
1013 257 1149 289 CIVILI
1174 257 1389 289 DOMINio.
1610 243 1721 301 [CAP.
1750 252 1817 280 xx.

502 365 633 413 posito
667 365 793 400 dictos
828 364 1024 410 redditus;
1065 364 1185 412 igitur
1225 363 1357 400 defficit
1397 362 1450 399 eis
1498 363 1646 410 tytulus
1679 361 1814 399 vendi-

503 423 641 468 candi3
687 435 775 458 cum
812 421 917 458 enim
952 434 1070 458 omne
1110 435 1210 470 opus
1245 420 1516 457 misericordie
1549 421 1609 457 vel
1643 419 1818 456 caritatis
1845 447 1859 459 ,

504 481 643 528 incipit
676 493 697 516 a
730 492 770 516 se
803 480 901 528 ipso,
943 488 986 515 ut
1026 481 1143 516 docet
1176 478 1424 526 Augustinus
1458 490 1703 515 sermone..
1728 508 1735 516 .
1760 490 1819 513 ex-

504 551 655 586 ponens
688 538 804 573 illud:
840 538 1031 574 Miserere
1063 538 1188 573 anime
1220 545 1282 573 tue
1310 537 1467 585 placens
1500 535 1600 581 Deo,
1641 535 1820 583 sequitur

503 598 612 644 quod
645 595 741 632 dicti
775 604 955 631 tenentes
975 596 1122 632 debent
1155 607 1312 631 servare
1340 594 1447 631 illam
1474 593 1750 642 prudenciam,
1779 596 1854 628 ut5

503 654 634 702 primo
658 653 717 690 sui
743 662 779 689 et
803 666 1005 690 servorum
1023 666 1185 689 suorum
1205 652 1517 689 domesticorum
1536 651 1821 697 misereantur;

505 724 576 749 nec
616 712 718 748 valet
765 711 897 747 dicere
942 714 1048 759 quod
1097 711 1248 747 domini
1295 711 1526 747 fundatores
1567 711 1662 746 dant
1703 710 1822 744 modo

505 770 612 806 illam
660 769 931 811 elemosinam,
978 769 1071 817 quia
1104 769 1183 805 iam
1219 782 1299 805 non
1333 777 1423 805 sunt
1463 767 1708 816 superstites,
1755 768 1823 802 sed

506 829 641 864 forsan
674 828 713 863 in
736 827 912 873 infern03
948 840 1037 863 cum
1070 826 1189 874 igitur
1212 840 1292 863 non
1317 835 1497 875 superest
1521 827 1552 862 A
1578 824 1822 862 monasterio

505 887 653 933 tytulus
698 885 937 922 vendicandi
980 886 1100 921 talem
1148 884 1407 921 elemosinam
1455 896 1531 932 que
1577 884 1693 919 debet
1741 894 1882 918 esseio

505 953 723 992 utrumque
754 943 982 980 voluntaria
1023 944 1241 979 secundum
1276 944 1402 991 legem
1444 941 1635 987 caritatis,
1668 941 1825 977 videtur

506 1003 615 1050 quod
660 1014 740 1038 non
785 1010 967 1049 superest
1013 1002 1088 1038 alia
1132 1001 1191 1038 lex
1259 1002 1480 1037 secundum
1521 1012 1638 1048 quam
1690 998 1824 1035 vendi-

509 1068 630 1097 caret.

563 1117 707 1154 Tercio
753 1117 1018 1154 confirmatur
1064 1129 1107 1153 ex
1147 1118 1222 1153 hoc
1261 1118 1369 1164 quod
1402 1128 1481 1152 non
1516 1124 1573 1151 est
1606 1114 1824 1151 elemosina

507 1177 602 1212 dare
655 1175 800 1212 clerico
854 1184 1082 1224 pretensarn
1133 1174 1458 1211 dominacionem
1505 1173 1660 1209 civilem
1706 1179 1879 1220 superii>

507 1234 627 1270 fratre
660 1246 745 1280 suo,
781 1245 827 1270 eo
851 1234 960 1282 quod
984 1242 1126 1270 contra
1151 1233 1439 1280 professionem
1471 1244 1583 1267 suam
1609 1230 1824 1266 admittens

506 1292 626 1328 talem
668 1291 991 1328 dominacionem
1028 1303 1105 1340 que
1144 1291 1219 1339 legi
1248 1288 1253 1341 Ι
1282 1300 1423 1327 nature
1456 1289 1603 1339 obviat,
1642 1297 1685 1324 ut
1717 1296 1827 1336 patet
1874 1294 1953 1337 167²

504 1350 571 1385 V‘0
595 1349 784 1387 Ethimol.
807 1349 983 1397 capitulo
1001 1351 1082 1395 IVO,
1104 1357 1140 1385 et
1164 1348 1326 1396 ponitur
1349 1349 1388 1384 in
1412 1347 1581 1383 decretis
1603 1346 1733 1395 prima
1757 1377 1764 1384 .
1788 1377 1796 1386 .
1818 1377 1826 1385 .

505 1407 732 1457 specialiter
772 1420 861 1443 cum
902 1407 991 1444 talis
1030 1408 1118 1455 plus
1151 1406 1321 1444 seculari
1361 1405 1541 1442 dominio
1575 1404 1822 1452 opprimeret

506 1467 670 1503 fratrem
710 1479 839 1510 suum,
882 1473 921 1501 ut
964 1466 1054 1502 novi
1097 1466 1143 1501 de
1175 1465 1340 1514 quodam
1374 1464 1560 1514 religioso
1594 1462 1887 1513 alz'enigena,2o

505 1526 569 1574 qui
601 1536 757 1560 manens
788 1524 894 1560 solus
920 1524 1177 1572 pretendebat
1214 1523 1328 1558 talem
1369 1521 1671 1558 dominacionem
1709 1533 1828 1569 super

506 1595 642 1619 servos
699 1583 734 1618 in
772 1582 929 1633 Anglia.
973 1583 1059 1619 Hoc
1093 1590 1226 1618 autem
1255 1580 1565 1617 determinatum
1594 1587 1652 1615 est
1681 1578 1720 1614 in
1755 1578 1826 1614 IIIO

508 1641 638 1686 huius,
656 1641 816 1676 XXXIIO
850 1640 1040 1689 capitulo,
1075 1652 1157 1676 esse
1190 1639 1266 1687 legi
1282 1648 1423 1675 nature
1440 1637 1700 1683 contrarium,
1736 1649 1825 1672 cum

507 1699 569 1735 vix
606 1706 738 1747 potest
777 1710 866 1734 cum
907 1707 1073 1746 peccato
1106 1697 1251 1734 veniali
1290 1697 1369 1734 sive
1409 1695 1569 1733 mortali
1610 1694 1754 1731 salvari
1787 1694 1826 1730 in

509 1756 675 1793 domino
697 1755 880 1805 seculari,
914 1764 952 1792 et
984 1756 1100 1792 aliter
1134 1755 1295 1792 nonnisi
1333 1754 1520 1791 dominus
1554 1761 1719 1802 propter
1748 1764 1825 1788 ser-
1845 1760 1883 1791 25

508 1814 655 1851 vicium
675 1815 816 1850 reddat
833 1813 1157 1850 dominacionem
1179 1822 1215 1850 et
1232 1812 1572 1861 gubernacionem
1594 1812 1826 1850 secularem.

510 1874 587 1909 Sed
610 1873 817 1921 quomodo
841 1880 971 1920 potest
996 1873 1070 1908 hoc
1089 1871 1268 1908 officium
1293 1879 1473 1919 spectare
1494 1871 1542 1906 ad
1566 1870 1823 1914 monachum,

510 1931 621 1967 cuius
655 1930 832 1966 officium
874 1930 1093 1966 secundum
1130 1932 1287 1966 Petrum
1324 1931 1598 1966 Comestorem
1635 1929 1825 1964 Sermone

510 1992 566 2025 De
619 1987 946 2024 Anuncciacione
991 1988 1195 2024 dominica
1245 1987 1311 2035 qui
1358 1987 1412 2023 sic
1472 1986 1630 2034 incipit:
1686 1985 1826 2020 «Tull-t

518 2047 605 2083 Ysai
635 2047 785 2083 asinum
813 2047 970 2095 plenum
1001 2045 1209 2095 panz'bus.³³
1252 2045 1373 2081 Vultis
1396 2045 1567 2081 breviter
1589 2044 1725 2079 audire
1758 2054 1827 2091 que
1844 2051 1884 2083 30

510 2106 643 2141 debeat
675 2117 755 2141 esse
787 2105 1034 2140 conversacio
1068 2104 1274 2140 monachi?
1314 2104 1445 2138 Vultus
1478 2103 1556 2138 eius
1608 2102 1716 2138 debet
1747 2113 1828 2137 esse

509 2164 676 2211 suffusus
720 2162 905 2206 lacrimis,
946 2169 1081 2211 pectus
1113 2174 1273 2198 raucum
1305 2161 1493 2210 suspiriis,
1541 2160 1660 2196 victus
1692 2159 1826 2202 tennis,

512 2222 631 2257 lectus
676 2220 860 2270 difficilis,
917 2232 1100 2269 sompnus
1144 2220 1284 2265 brevis,
1332 2219 1463 2255 oracio
1508 2230 1666 2268 inagna,
1712 2217 1826 2253 leccio

511 2279 685 2324 moralis,
709 2279 877 2314 incessus
900 2278 1067 2324 humilis,
1093 2278 1159 2313 hec
1181 2285 1269 2314 sunt
1291 2284 1416 2313 sortes
1439 2288 1532 2325 quas
1557 2276 1664 2312 debet
1687 2275 1828 2311 habere

511 2337 742 2381 inonachus5
765 2337 828 2384 qni
849 2337 917 2372 has
939 2343 1064 2372 sortes
1088 2335 1543 2386 negligitfecunditatenz
1561 2346 1632 2370 non
1657 2333 1828 2377 habehim
1844 2342 1883 2375 35

511 2395 578 2431 lzec
608 2402 697 2431 sunt
727 2402 902 2430 stercora
934 2406 1004 2443 que
1029 2394 1268 2443 preponebat
1290 2400 1406 2442 pater
1428 2392 1659 2428 Benedictus
1681 2391 1716 2426 in
1740 2403 1827 2427 con-

511 2453 660 2492 fusione
686 2452 861 2501 ficulnie,
908 2460 946 2488 ut
975 2453 1214 2500 fecundaret
1246 2451 1457 2488 ecclesiam.
1507 2448 1713 2497 Numquid
1747 2460 1825 2484 cre-

580 2585 605 2613 3.
627 2594 770 2613 sermone
791 2586 929 2621 sequitur
950 2587 1068 2612 lacuna.
1150 2585 1177 2612 6.
1200 2585 1294 2613 Cod:
1315 2584 1515 2612 miserantur.
1588 2583 1614 2610 8.
1630 2582 1810 2617 superstites
1821 2591 1830 2611 ‚-

512 2622 541 2648 in
564 2629 677 2656 marg:
700 2621 831 2648 sustites.
924 2620 963 2648 18.
981 2621 1085 2656 prima
1095 2629 1106 2653 ;
1126 2619 1325 2647 distinccione
1346 2620 1439 2646 deest.

584 2706 612 2724 ἢ.
639 2694 761 2724 Sermo
780 2692 868 2724 CVII
888 2693 937 2724 De
964 2693 1066 2724 Verb.
1092 2693 1153 2723 Ev.
1182 2692 1295 2723 Lucae
1320 2691 1390 2734 XII,
1418 2692 1509 2732 Opp.
1528 2697 1600 2721 tom
1625 2691 1665 2730 V,
1692 2700 1724 2731 p.
1753 2688 1828 2731 549.

511 2750 543 2778 4.
570 2739 662 2770 Eccli
690 2739 790 2778 XXX,
819 2747 873 2780 24.
976 2738 1024 2769 18.
1050 2739 1205 2770 Isidorus
1233 2739 1266 2769 in
1306 2738 1393 2769 libro
1418 2738 1448 2768 V
1475 2736 1651 2779 Etliymol.
1685 2746 1758 2777 cap.
1784 2735 1828 2766 IV

513 2792 545 2816 et
571 2786 705 2817 Decret.
734 2786 847 2816 Prima
874 2795 963 2827 pars,
991 2785 1075 2816 Dist.
1103 2785 1124 2823 I,
1152 2795 1225 2826 cap.
1250 2784 1321 2815 VII.
1396 2785 1448 2817 23.
1475 2784 1525 2815 De
1545 2782 1645 2820 Civili
1664 2782 1828 2813 Dominio

513 2831 535 2873 J,
563 2838 653 2871 225„
715 2831 765 2863 28.
794 2832 895 2862 Hunc
916 2832 1033 2862 locum
1054 2832 1086 2862 in
1106 2830 1334 2862 Sermonibus
1351 2830 1439 2861 Petri
1467 2829 1658 2860 Comestris
1674 2828 1828 2859 invenire

513 2887 581 2908 non
608 2878 717 2918 potui.
833 2888 884 2920 29.
912 2877 934 2908 I.
962 2877 1047 2919 Reg.
1073 2877 1160 2916 XVI,
1190 2886 1243 2908 20.
