2050 3292
258 232 339 280 388

275 919 352 945 How
374 917 505 945 Christ's

318 954 393 980 laws
414 960 465 980 are

325 988 451 1015 evaded.

974 238 1032 270 DE
1060 239 1196 270 ClVlLI
1223 239 1434 271 bonimio.
1637 225 1746 282 [cAP.
1771 236 1853 264 xix.

545 345 632 381 silia
657 346 765 393 quod
799 344 841 380 fit
883 344 1090 392 potissime
1123 346 1317 381 servando
1351 344 1619 392 evangelicam
1651 342 1654 397 1
1684 358 1855 393 pauper-

545 411 681 440 tatem.
713 402 899 439 Avaricia
933 402 1095 450 quidem
1136 404 1392 439 sacerdotum
1426 402 1583 439 videtur
1615 403 1727 451 peior
1759 405 1854 451 ydo-

544 460 660 496 latria
695 460 918 509 gentilium,
965 473 1010 496 eo
1045 462 1152 508 quod
1187 461 1310 497 omnis
1354 473 1499 497 avarus
1544 469 1599 497 est
1634 462 1854 512 ydolorum

544 519 711 554 servitus
743 519 963 555 secundum
997 519 1237 566 Apostolum
1272 519 1371 566 Eph.
1405 520 1450 565 V,
1485 529 1522 567 5,
1563 531 1654 566 ergo
1689 521 1856 555 detesta-

545 576 663 612 bilius
697 576 873 613 avaricia
906 578 1174 613 sacerdotum.
1209 576 1247 612 Si
1283 576 1405 624 igitur
1429 576 1564 613 fideles
1589 577 1721 613 omnis
1744 589 1856 613 sexus

544 634 605 670 vel
638 634 753 670 etatis
786 634 827 670 in
860 643 1042 682 tempore
1076 633 1374 681 persecucionis
1409 634 1620 670 martirum
1655 636 1856 670 audebant

546 704 585 728 se
619 691 801 739 proximo
834 693 884 728 ad
918 701 1086 728 mortem
1135 704 1331 738 exponere
1365 705 1437 739 pro
1477 692 1706 728 defensione
1752 692 1856 738 fidei,

545 762 666 798 quam
701 749 882 787 infideles
927 762 1065 786 sumus
1111 762 1196 795 nos,
1244 750 1312 797 qui
1345 762 1425 786 non
1459 751 1654 786 audemus
1687 763 1760 798 pro
1793 752 1857 786 de-

544 807 725 844 fensione
757 808 849 844 fidei
882 807 921 844 in
967 807 1110 844 maiori
1156 807 1334 855 periculo
1382 808 1653 844 exhortacioni
1691 820 1763 844 nos
1797 820 1857 844 ex-

546 877 695 913 ponere
724 878 844 914 quam
870 874 1032 902 vocatos
1057 865 1204 904 fideles.
1236 865 1441 914 Numquid
1464 866 1716 902 inordinatus
1746 879 1858 902 amor

545 923 827 972 temporalium
864 936 982 972 quem
1024 923 1153 960 amori
1187 923 1335 959 Christi
1375 923 1635 972 preponimus
1692 936 1765 960 nos
1798 936 1858 960 ex-

546 983 682 1018 cusat?
726 982 835 1018 Talis
869 981 972 1018 enim
1007 981 1261 1018 taciturnitas
1295 981 1385 1017 fecit
1418 981 1655 1028 ydolatriam
1693 981 1787 1018 cleri
1821 991 1858 1018 et

546 1048 838 1088 consequenter
881 1040 1021 1088 populi
1067 1039 1255 1076 continue
1308 1039 1561 1087 ampliorem⁷
1616 1039 1655 1075 in
1698 1048 1855 1076 tantum

546 1099 654 1146 quod
698 1097 875 1145 religiosi
920 1097 1047 1134 nostri
1090 1097 1324 1145 profitentes
1371 1098 1638 1145 evangelicam
1685 1111 1857 1145 pauper-

545 1165 668 1192 tatem
714 1157 809 1192 dant
853 1156 1003 1203 glosam
1051 1155 1314 1192 universalem
1360 1157 1407 1191 de
1454 1155 1713 1192 abdicacione
1758 1165 1856 1191 tem-

546 1213 760 1261 poralium,
810 1215 918 1262 quod
958 1225 1097 1250 omnes
1142 1213 1400 1250 auctoritates
1444 1222 1631 1250 sonantes
1665 1215 1713 1249 ad
1747 1213 1855 1249 illam

546 1271 772 1319 intelligunt
816 1281 859 1308 ut
903 1271 1079 1319 religiosi
1132 1271 1417 1319 possessionati
1470 1284 1552 1308 non
1597 1271 1857 1307 dominantur

545 1329 713 1366 civiliter
756 1338 798 1365 ut
843 1329 1013 1377 tyranni.
1067 1330 1164 1366 Cum
1212 1343 1291 1378 quo
1336 1341 1452 1365 sensu
1498 1338 1588 1375 stat,
1655 1329 1855 1378 inquiunt,

545 1389 653 1436 quod
686 1387 805 1424 liceat
839 1388 892 1424 eis
926 1388 1221 1436 quantumlibet
1255 1387 1423 1424 civiliter
1456 1387 1668 1424 dominari.

603 1448 651 1481 Et
683 1458 819 1482 revera
864 1445 939 1482 ista
981 1447 1112 1493 glossa
1158 1455 1215 1482 est
1259 1445 1526 1493 periculosior
1571 1458 1690 1494 quam
1726 1446 1856 1493 glossa

545 1505 797 1540 sacerdotum
824 1504 1062 1540 lascivorum
1089 1513 1208 1551 atque
1233 1503 1453 1540 carnalium
1479 1503 1546 1552 qui
1581 1504 1718 1539 dicunt
1751 1504 1855 1551 leges

546 1563 594 1598 de
626 1561 912 1598 venacionibus
946 1563 1199 1597 sacerdotum
1225 1561 1391 1609 intelligi
1425 1563 1532 1609 quod
1557 1574 1636 1597 non
1660 1570 1855 1597 venentur

544 1619 619 1655 nisi
653 1628 848 1667 quantum
883 1632 956 1667 pro
990 1619 1243 1655 recreacione
1278 1620 1460 1664 delectat,
1506 1632 1578 1655 nec
1612 1629 1854 1667 cognoscant

546 1677 728 1723 feminas,
776 1677 851 1713 nisi
885 1686 1079 1726 quantum
1113 1679 1162 1713 ad
1196 1677 1408 1713 sanitatem
1443 1677 1623 1725 corporis
1658 1676 1852 1714 habilitat.

544 1736 658 1772 Unde
682 1735 890 1771 deficiente
919 1735 958 1771 in
983 1735 1037 1772 eis
1066 1732 1070 1787 Ι
1098 1735 1241 1771 virtute
1266 1744 1539 1781 amoveantur,
1574 1735 1772 1783 inquiunt,
1806 1747 1853 1771 ne

545 1805 777 1841 peccemus3
824 1802 1019 1842 quantum
1066 1793 1188 1841 igitur
1233 1794 1529 1829 attenderemus
1575 1794 1623 1829 ad
1670 1793 1769 1829 dicta
1819 1802 1855 1829 et

544 1851 664 1887 vitam
712 1851 859 1888 Christi
906 1864 951 1888 ac
997 1851 1168 1887 aliorum
1212 1860 1440 1887 sanctorum
1490 1850 1768 1899 religiosorum
1814 1859 1855 1886 ut

545 1921 837 1956 cognoscamus
870 1909 1015 1945 limites
1049 1909 1275 1957 evangelice
1308 1909 1566 1957 paupertatis

602 1966 804 2004 Vicesimo
838 1967 979 2015 quinto
1012 1967 1068 2003 sic
1101 1967 1299 2015 arguitur:
1334 1967 1488 2003 licitum
1524 1976 1580 2002 est
1613 1967 1697 2003 iure
1722 1966 1854 2003 divino

1898 355 1974 388 156ο

1879 883 1916 902 IU

1880 1161 1914 1191 15

1900 1736 1976 1769 156⁴

546 2024 710 2061 clericos
744 2037 826 2062 esse
859 2025 1010 2061 iudices
1043 2038 1253 2062 causarum
1289 2025 1542 2070 secularium,
1589 2037 1681 2072 ergo
1728 2025 1854 2061 multo
1872 2028 1912 2059 30

547 2083 673 2130 magis
697 2096 769 2131 pro
802 2083 1091 2131 temporalibus
1128 2085 1334 2119 moderate
1366 2083 1533 2119 iuridice
1558 2083 1723 2130 litigare,
1758 2082 1855 2119 alias

546 2149 653 2188 patet
686 2142 813 2178 ICor.
848 2143 890 2187 ΙΙ,
931 2152 992 2190 15,
1025 2141 1092 2177 ubi
1124 2142 1341 2189 Apostolus
1375 2141 1471 2177 dicit
1503 2141 1610 2189 quod
1640 2141 1855 2190 spiritualis

546 2199 688 2235 iudicat
720 2199 847 2235 omnia
882 2208 918 2235 et
958 2199 1060 2235 infra
1093 2201 1154 2243 VI,
1189 2210 1232 2248 3:
1279 2199 1443 2235 Nescitis
1482 2199 1659 2247 quoniam
1694 2199 1855 2248 angelos

546 2257 832 2293 iudicabimus?
854 2265 992 2306 quanto
1011 2257 1140 2307 magis
1162 2257 1376 2302 secztlarz'a;
1408 2256 1538 2305 prima
1561 2256 1852 2304 consequencia

547 2323 584 2350 et
617 2327 863 2363 consequens
909 2316 1198 2361 conceduntur,
1244 2324 1286 2350 ut
1331 2323 1440 2362 patet
1480 2327 1522 2350 ex
1568 2314 1744 2362 capitulo
1779 2343 1819 2352 ..
1844 2342 1851 2349 .
1876 2330 1886 2343 κ

547 2372 663 2408 huius
696 2374 741 2418 V,
787 2374 856 2409 sed
888 2373 1046 2409 fallacia
1080 2382 1136 2409 est
1169 2373 1449 2421 consequentis
1497 2385 1538 2408 ex
1572 2372 1647 2408 isto
1687 2384 1853 2420 arguere

547 2432 655 2478 quod
689 2430 844 2466 clericis
868 2431 959 2467 licet
992 2430 1170 2467 iudicare
1200 2431 1260 2467 vel
1293 2430 1492 2466 dominari
1517 2430 1703 2476 civiliter;
1739 2432 1853 2465 debet

547 2488 652 2524 euim
688 2488 855 2525 clericus
881 2488 921 2525 in
955 2501 1074 2525 causa
1108 2488 1213 2525 civili
1246 2488 1422 2525 iudicare
1457 2488 1681 2535 evangelice
1714 2500 1852 2524 secun-

548 2547 640 2581 dum
676 2546 879 2582 racionem
916 2546 1070 2583 virtutis
1092 2547 1153 2583 vel
1185 2546 1275 2583 vicii
1300 2555 1336 2583 et
1359 2559 1440 2583 non
1473 2548 1691 2582 secundum
1726 2545 1854 2582 racio-

548 2616 638 2640 nem
673 2616 751 2652 qua
784 2604 869 2641 iura
903 2606 1080 2641 humana
1114 2604 1265 2641 dictant
1310 2604 1549 2652 temporalia
1584 2603 1674 2641 huic
1706 2604 1766 2640 vel
1800 2603 1913 2646 illi40

549 2670 786 2709 competere.

617 2825 642 2850 7.
663 2825 696 2844 se
711 2818 877 2852 prarimm·
898 2818 937 2845 ita
958 2818 1014 2845 cod
1049 2818 1186 2845 Rectius.-
1207 2827 1241 2845 Se
1256 2826 1317 2853 pro
1340 2818 1462 2845 Clzrislo
1483 2819 1543 2845 imo
1564 2818 1614 2845 ad.
1708 2825 1736 2850 o.
1759 2817 1824 2845 (jod
1847 2828 1853 2845 e

549 2851 775 2879 ovi-hortacione.
851 2860 890 2879 ιο.
913 2852 1008 2880 Cod:
1031 2861 1101 2887 qua.
1203 2852 1248 2880 36.
1271 2852 1365 2879 cod„
1387 2857 1430 2880 est
1450 2853 1543 2879 deest.
