2050 3292
206 247 288 285 510

262 360 421 388 Endowed

221 396 322 431 clergy
343 395 455 422 should

226 431 293 458 take
313 438 329 457 a
349 434 457 465 scanty

239 465 349 503 living5
373 464 444 492 then

258 499 420 526 distribute

259 542 267 561 1
302 538 333 560 to
352 533 432 562 their

276 569 321 595 hel
350 576 409 603 ers,

210 611 236 630 2.
258 608 288 630 to
309 607 319 630 t
345 612 360 630 e
381 611 470 638 poor,

922 243 981 274 DE
1008 241 1143 273 civm
1170 239 1381 272 DOM1N1o.
1563 226 1674 282 [CAP.
1693 235 1804 263 xxm.

494 350 639 387 ralium
689 351 834 386 debent
880 347 1010 396 primo
1055 360 1196 396 capere
1240 347 1296 384 eis
1346 358 1526 394 parcum,
1572 357 1805 393 pauperem,

495 410 564 445 sed
596 409 808 444 honestum
843 419 973 453 usum,
1007 414 1203 454 quantum
1236 414 1294 442 est
1328 403 1503 440 medium
1537 403 1807 440 necessarium

496 468 545 503 ad
591 466 709 502 finem
755 477 834 513 quo
867 465 1049 510 tendunt,
1096 463 1247 500 scilicet
1279 461 1569 499 beatitudinem
1604 460 1808 497 mediante

496 523 757 561 edificacione
791 522 969 559 ecclesie.
1003 522 1189 559 Secundo
1222 522 1367 558 debent
1397 518 1582 568 inpertiri
1616 517 1809 555 ministris

495 582 568 618 sibi
611 579 844 618 necessariis
888 581 938 616 ad
981 581 1085 616 hunc
1128 579 1248 616 finem
1281 579 1502 615 secundum
1548 577 1717 613 eandem
1749 588 1808 613 re-

216 636 293 665 3.in
315 640 643 687 necessarygu13m‚
687 637 833 675 Tercio
880 639 1024 674 debent
1068 636 1253 685 inpertiri
1297 635 1526 673 extrinsecis
1564 633 1808 683 pauperibus

234 672 372 711 building
391 673 450 700 and

278 715 404 742 repaxrs.

261 2373 329 2401 The
350 2382 427 2410 poor

221 2408 394 2444 neighbour
413 2409 469 2436 has

219 2449 273 2471 not
293 2445 408 2479 always
426 2445 477 2472 the

256 2479 320 2506 first
338 2479 440 2508 claim.

497 697 718 734 secundum
762 695 954 732 noticiam
1001 694 1202 742 exigencie
1245 706 1314 731 sue
1359 692 1532 742 egencie.
1584 694 1633 728 Et
1665 700 1809 740 quarto

497 756 645 791 debent
689 753 878 790 edificare
931 763 968 789 et
1019 765 1208 801 reparare
1261 753 1404 788 domos
1457 759 1494 787 et
1540 750 1810 786 instrumenta

497 811 719 849 materialia
765 811 991 847 necessaria
1035 812 1084 847 ad
1124 823 1240 847 suum
1278 809 1456 846 officium
1490 807 1601 845 omni
1633 809 1739 845 fastu
1771 815 1809 844 et

495 869 727 907 curiositate
751 868 973 907 subductis.
1008 870 1126 914 Quod
1149 868 1180 904 si
1204 881 1284 905 una
1316 879 1488 916 persona
1521 865 1617 902 cleri
1647 866 1710 902 vel
1731 877 1812 902 una

494 927 658 966 ecclesie
690 940 771 964 non
804 927 873 964 fiat
905 928 955 963 ad
987 927 1060 963 hec
1092 925 1243 972 omnia,
1277 925 1383 962 iuvet
1416 924 1493 962 alia
1527 933 1564 960 et
1596 935 1735 960 omnes
1765 935 1811 959 ac

493 986 647 1035 singule
698 998 783 1022 sese
834 985 1054 1033 reciproce,
1108 984 1202 1033 quia
1254 992 1362 1020 totus
1419 983 1561 1031 globus
1610 983 1810 1018 bonorum

495 1044 659 1081 ecclesie
692 1045 809 1080 debet
843 1056 926 1079 esse
950 1042 1176 1079 communis
1199 1041 1424 1090 cuicunque
1457 1039 1579 1086 fideli,
1613 1047 1809 1088 quantum

495 1102 706 1151 requirunt
739 1101 875 1150 regule
909 1100 1088 1138 caritatis
1123 1110 1160 1137 et
1192 1099 1432 1148 indigencie.

554 1161 667 1197 Patet
699 1159 774 1196 ista
806 1159 1010 1196 sentencia
1042 1158 1083 1195 in
1116 1157 1286 1195 decretis
1318 1159 1399 1203 XII,
1433 1155 1656 1206 questione*
1676 1157 1707 1192 II
1739 1166 1811 1203 per

497 1219 623 1255 multa
668 1217 858 1266 capitula,
911 1218 979 1253 sed
1023 1216 1063 1253 in
1110 1215 1487 1253 communicacione
1531 1214 1707 1251 secunda
1753 1221 1810 1249 est

495 1276 711 1313 difficultas
745 1274 971 1312 scolastica.
1017 1274 1185 1311 Videtur
1230 1274 1334 1311 enirn
1369 1275 1477 1322 quod
1511 1285 1609 1321 pure
1643 1270 1811 1308 clericus

495 1347 576 1371 non
609 1347 653 1371 ex
684 1332 959 1382 occupacione
992 1334 1190 1383 bonorum
1225 1331 1389 1369 ecclesie
1422 1331 1471 1367 sit
1495 1330 1716 1367 secundum
1740 1328 1811 1366 ali-

495 1393 655 1441 qualem
700 1392 872 1440 tytulum
918 1391 1201 1439 proferendus;
1247 1402 1338 1427 cum
1381 1389 1487 1426 enim
1528 1389 1648 1425 habet
1679 1387 1808 1424 solum

495 1459 636 1487 nature
669 1449 729 1486 ius
751 1450 812 1486 vel
843 1448 989 1497 gracie,
1023 1457 1061 1486 et
1094 1448 1209 1485 multi
1241 1457 1332 1484 sunt
1364 1456 1523 1495 egentes
1556 1445 1738 1494 pociores
1770 1445 1811 1481 in

496 1507 643 1557 gracia,
662 1507 821 1544 videtur
843 1508 951 1555 quod
976 1508 1023 1543 de
1045 1507 1131 1555 lege
1154 1506 1334 1543 caritatis
1354 1507 1498 1542 debent
1521 1517 1604 1541 esse
1627 1503 1811 1552 pociores

495 1566 535 1603 in
578 1578 666 1604 usu.
720 1565 980 1602 Iniuriaretur
1024 1577 1118 1613 ergo
1165 1564 1219 1601 eis
1258 1565 1442 1612 negando
1480 1575 1596 1599 usum
1628 1562 1690 1598 vel
1722 1573 1812 1609 pre-

496 1625 660 1661 ferendo
694 1623 816 1660 alium
854 1622 985 1659 minus
1019 1622 1199 1671 dignum.

555 1682 629 1718 Hic
676 1681 824 1718 dicitur
867 1682 974 1729 quod
1019 1681 1151 1729 prima
1191 1680 1396 1717 conclusio
1435 1688 1493 1716 est
1531 1679 1648 1723 falsa3
1694 1678 1814 1714 habet

497 1740 601 1777 enim
622 1752 825 1788 occupans
849 1739 922 1775 rite
945 1740 1049 1776 bona
1068 1735 1072 1793 J
1091 1738 1255 1776 ecclesie
1270 1739 1474 1786 quandam
1499 1735 1811 1773 sollicitudinem

498 1798 750 1846 corporalem
777 1810 866 1834 cum
892 1798 1021 1845 tytulo
1045 1796 1230 1846 specialis
1255 1795 1474 1833 elemosine
1499 1794 1677 1839 (racione
1701 1793 1814 1830 cuius

496 1857 641 1892 debent
692 1854 859 1904 preferri
911 1856 1046 1904 quoad
1099 1868 1214 1892 usum
1260 1853 1502 1899 sensibilem,
1554 1865 1635 1889 non
1679 1860 1812 1888 autem

496 1914 630 1962 quoad
663 1913 904 1960 dominium)
948 1922 986 1950 et
1020 1913 1182 1962 quidem
1217 1913 1454 1962 secularem,
1499 1923 1589 1947 cum
1629 1909 1815 1958 paracior

497 1972 537 2008 in
580 1971 715 2019 gracia
759 1971 809 2007 sit
854 1971 1040 2018 paracior
1085 1971 1125 2007 in
1171 1971 1257 2007 iure
1289 1979 1431 2007 nature
1463 1977 1584 2017 atque
1617 1967 1812 2013 dominio,

495 2042 633 2077 ymmo
666 2029 706 2066 in
737 2042 812 2065 usu
855 2028 1052 2077 spirituali
1085 2028 1418 2074 fructuosissimo,
1465 2039 1557 2064 curn
1595 2025 1732 2063 utilior
1765 2025 1815 2062 sit

497 2087 571 2124 sibi
604 2099 693 2124 esus
725 2086 897 2136 proximi
929 2100 1051 2135 quam
1084 2087 1116 2124 si
1149 2100 1240 2124 cum
1274 2086 1377 2123 datis
1400 2085 1563 2134 paribus
1586 2084 1626 2121 in
1649 2083 1814 2133 propria

498 2158 670 2194 persona
722 2154 989 2190 consumeret,
1045 2158 1134 2182 cum
1170 2147 1284 2182 Rom.
1312 2146 1410 2190 VIII,
1445 2144 1496 2181 28
1537 2142 1702 2180 dicitur:
1753 2142 1813 2177 Ti-

500 2203 687 2240 mentibus
719 2204 845 2239 Deum
879 2203 1006 2239 omnia
1040 2211 1301 2253 cooperantur
1332 2203 1368 2238 in
1401 2203 1553 2238 bonum.
1600 2201 1678 2237 Sed
1710 2199 1813 2236 diffi-

500 2262 627 2299 cultas
650 2270 728 2298 stat
751 2263 799 2298 de
822 2273 895 2297 usu
919 2261 1116 2299 sensibili:
1139 2270 1276 2299 utrum
1297 2272 1502 2308 occupans
1526 2260 1630 2296 bona
1649 2257 1814 2295 ecclesie

499 2319 638 2356 videns
685 2319 912 2367 proximum
959 2319 1125 2356 ecclesie
1169 2319 1428 2367 indigentem,
1478 2318 1595 2353 debet
1641 2328 1687 2353 eo
1726 2315 1838 2364 ipso.

500 2376 699 2426 impertiri
744 2378 793 2413 de
838 2376 951 2413 bonis
985 2377 1163 2415 ecclesie.
1209 2379 1257 2413 Et
1291 2385 1448 2413 constat
1480 2376 1589 2423 quod
1621 2387 1716 2419 non,
1755 2373 1813 2409 in-

500 2435 718 2483 telligendo
771 2436 876 2471 bona
928 2435 1087 2472 fortune
1130 2444 1169 2472 et
1212 2434 1517 2483 inperticionem
1563 2431 1813 2477 sensibilem3

500 2501 632 2541 potest
664 2492 771 2529 enim
806 2505 888 2529 esse
922 2494 1030 2541 quod
1063 2494 1113 2529 sit
1150 2492 1332 2541 indigens
1364 2490 1638 2540 spiritualiter,
1677 2502 1813 2538 ymmo

501 2550 766 2599 corporaliter
811 2551 866 2587 sic
906 2552 1013 2598 quod
1060 2551 1275 2588 affluencia
1313 2552 1513 2587 bonorum
1546 2549 1707 2585 fortune
1739 2547 1813 2584 sibi

1831 1154 1867 1187 15

1826 1455 1868 1476 20

1855 1739 1935 1778 207c

1830 2027 1872 2060 30

1831 2317 1846 2344 ‚u

1854 2316 1870 2348 LV!

501 2610 720 2656 dampnata
767 2618 804 2645 et
846 2608 1015 2656 penuria
1061 2609 1267 2646 meritoria
1311 2616 1445 2657 posset
1489 2619 1593 2653 esse3
1637 2606 1871 2648 secundo4o

502 2668 611 2714 quod
655 2679 858 2714 occupans
902 2668 1008 2703 bona
1053 2667 1217 2704 ecclesie
1262 2667 1364 2703 foret
1402 2664 1655 2713 indigencior
1687 2664 1814 2700 altero

503 2723 771 2774 mendicante,
790 2725 850 2761 vel
873 2725 982 2772 quod
1005 2726 1156 2761 bonum
1180 2733 1422 2772 occupatum
1448 2722 1566 2759 fuerit
1588 2721 1814 2770 inpertibile

572 2867 610 2887 12.
632 2859 726 2889 Cod.:
749 2861 920 2889 beatorum.
994 2859 1040 2887 30.
1062 2859 1156 2886 Cod.:
1179 2859 1273 2886 utilis.
