2050 3292
257 206 345 234 CAP.
367 197 477 251 xxn]
726 209 861 240 LIBER
887 209 1097 242 TERTIUS.
1771 214 1849 252 455

255 315 391 364 gencia
423 328 491 351 sua
527 315 633 350 debet
665 315 772 365 regis
804 315 963 351 auribus
994 314 1176 365 intimari,
1211 315 1278 364 qui
1312 317 1427 353 debet
1460 317 1563 353 salu—

256 381 379 408 tarem
427 372 729 420 correpcionern
774 372 976 419 adhibere,
1023 386 1100 421 que
1144 373 1351 421 correpcio
1389 387 1470 411 non
1509 384 1566 411 est

256 429 525 477 specificanda
569 439 613 466 ut
645 430 728 478 regi
761 430 965 478 pertinens
998 430 1072 466 nisi
1104 432 1378 468 submovendo
1403 445 1492 468 eum
1518 433 1565 470 de

256 487 484 524 elemosinis
529 500 700 536 quarum
747 500 811 524 rex
843 495 902 525 est
934 487 1121 524 dominus
1155 488 1348 537 capitalis,
1392 498 1436 526 ut
1469 489 1565 526 dicit

223 546 462 592 §canonIII⁷
495 545 703 593 questione
735 547 782 591 ΙΙ,
817 545 860 581 Si
890 545 1101 595 episcopus,
1138 554 1182 582 ut
1214 546 1406 583 recitatur
1439 549 1469 584 II
1501 560 1566 584 ca-

255 602 380 650 pitulo
420 602 536 640 huius
579 604 624 641 V.
679 602 870 649 Quamvis
911 603 1014 639 enim
1057 605 1242 641 doctores
1281 604 1419 641 dieunt
1457 598 1853 668 quodLssffigglss¹‘{lfguSt

254 660 384 708 primo
418 661 534 697 debet
566 661 728 709 probari
762 660 1005 709 dilapidacio
1039 669 1077 698 et
1109 673 1154 698 ea
1186 664 1356 710 probata
1381 663 1467 700 dari
1489 663 1563 700 sibi
1650 643 1748 695 defeyct
1767 669 1802 696 of

253 717 412 754 adiutor
445 720 494 754 ad
528 719 645 756 finem
680 718 773 766 litis,
807 727 942 755 tamen
975 718 1047 755 iste
1078 719 1193 756 fucus
1226 721 1452 758 excluderet
1475 733 1563 757 cor·
1644 704 1785 737 prelates.

253 775 478 812 reccionem
519 776 672 812 domini
711 775 913 821 secularis,
960 777 1049 813 ideo
1088 785 1247 826 oportet
1284 777 1391 827 ipsos
1425 779 1563 827 exequi

200 833 291 869 1oin
335 833 490 871 defectu
533 833 752 881 spiritualis
796 834 1004 882 prepositi,
1048 835 1109 871 vel
1151 835 1292 872 saltem
1326 836 1564 873 elemosinas

251 903 343 928 suas
375 892 610 928 subtrahere
649 893 755 940 quod
795 904 915 928 nemo
954 900 1085 940 potest
1123 893 1304 941 legaliter
1337 893 1562 942 prohibere.

252 948 337 995 Cui,
377 961 489 997 rogo,
527 949 629 986 foret
669 949 941 998 pertinencius
974 950 1186 998 disponere
1224 964 1297 999 pro
1336 951 1563 989 elemosinis

250 1007 566 1054 progenitorum,
600 1020 672 1055 pro
706 1007 819 1044 bonis
856 1007 966 1055 regni
1005 1007 1062 1044 sic
1094 1008 1241 1055 abusis,
1281 1021 1358 1057 que
1397 1021 1443 1046 eo
1476 1009 1563 1058 ipso

252 1065 396 1100 debent
429 1064 654 1115 confiscari⁷
697 1078 817 1113 quam
864 1065 971 1113 regi?
1020 1066 1081 1102 vel
1127 1066 1214 1114 quis
1263 1066 1436 1104 infidelis
1480 1080 1562 1104 non

198 1125 233 1157 15
252 1121 406 1158 dubitat
439 1122 534 1170 quin
567 1123 726 1171 patroni
761 1123 1020 1160 ecclesiarum
1045 1123 1240 1160 maiorem
1263 1123 1561 1161 solicitudinem

251 1188 503 1227 apponerent
542 1192 614 1228 pro
654 1180 883 1218 elemosinis
922 1180 1193 1218 rectificandis
1232 1181 1273 1218 in
1312 1194 1434 1219 manu
1474 1182 1563 1219 reli-

250 1237 456 1284 giosorum
490 1237 624 1274 abusis
658 1251 778 1286 quam
817 1251 889 1286 pro
912 1238 1203 1287 temporalibus
1226 1239 1389 1288 proprie
1424 1253 1561 1288 super-

134 1295 210 1337 184¹²
250 1295 327 1331 flue
361 1295 638 1332 cumulandis?
666 1292 671 1348 Ι
702 1297 862 1341 Quanto
902 1296 1008 1332 enirn
1048 1296 1185 1334 anima
1223 1305 1280 1334 est
1312 1297 1562 1346 prestancior

250 1365 417 1400 corpore
458 1362 494 1389 et
533 1354 680 1389 bonurn
723 1353 852 1401 patrie
885 1354 1134 1401 prestancius
1174 1356 1278 1392 bono
1309 1355 1371 1392 vie
1403 1364 1488 1392 toto
1521 1354 1562 1392 in

194 1421 234 1442 20
250 1422 394 1458 genere
437 1424 522 1457 suo,
569 1412 685 1447 debet
731 1412 955 1448 fundatoris
999 1412 1166 1449 solercia
1207 1412 1312 1450 circa
1350 1413 1446 1450 talia
1480 1425 1563 1450 esse

250 1468 390 1506 maior.
426 1470 503 1505 Sed
527 1468 620 1517 quia
648 1469 880 1517 temporalis
903 1469 1001 1505 iuris
1026 1470 1086 1507 vel
1110 1470 1315 1507 commodi
1339 1470 1562 1519 adquisicio

250 1525 357 1562 acuit
390 1535 615 1574 operantes,
648 1535 761 1563 notat
786 1526 1106 1565 Archidiaconus
1137 1540 1186 1565 ne
1217 1528 1378 1576 patroni
1410 1529 1450 1565 in
1481 1538 1563 1565 tam

248 1584 472 1621 necessaria
505 1597 624 1621 causa
657 1584 822 1621 ecclesie
855 1597 898 1621 ex
923 1585 1079 1621 defectu
1102 1585 1291 1634 stipendii
1318 1586 1397 1623 sint
1419 1598 1558 1635 segnes

247 1642 308 1678 vel
341 1641 509 1689 desides,
543 1643 651 1691 quod
684 1644 759 1679 hoc
792 1642 941 1679 facient
974 1655 1141 1691 expense
1175 1643 1352 1683 ecclesie.

182 1702 207 1731 B
307 1701 491 1736 Preterea
534 1701 680 1736 debent
723 1701 953 1737 fundatores
998 1701 1253 1738 considerare
1298 1703 1407 1750 quod
1452 1703 1557 1738 bona
1603 1707 1834 1736 Endowmems

248 1757 393 1794 collata
438 1757 600 1794 ecclesie
645 1766 736 1794 sunt
780 1758 892 1807 quasi
936 1759 1148 1796 thesaurus
1193 1760 1396 1808 depositus
1438 1773 1556 1808 quem
1589 1747 1834 1812 farffiaufffffifflcsfi

247 1815 338 1851 licet
371 1815 425 1851 eis
457 1815 496 1851 in
528 1824 709 1863 tempore
731 1815 980 1853 necessitatis
1007 1825 1199 1865 repetere,
1233 1819 1341 1865 quod
1364 1819 1558 1865 probatur
1591 1813 1826 1882 ffaeyf‘gffli'ssesissl

248 1873 332 1920 lege
365 1872 534 1920 triplici;
573 1873 704 1921 primo
745 1886 787 1910 ex
821 1873 1052 1911 testimonio
1092 1875 1238 1911 Leonis
1262 1876 1310 1911 IV
1348 1875 1479 1923 posito
1518 1875 1558 1912 in
1652 1889 1722 1909 case
1742 1883 1777 1922 pf

249 1930 418 1967 decretis
440 1932 542 1977 XVI,
567 1931 775 1979 questione
790 1932 871 1978 VII,
901 1932 1047 1968 Contra
1069 1940 1316 1973 sanctorum:
1338 1933 1391 1977 Si,
1414 1933 1558 1981 inquit,
1632 1921 1796 1952 necessny.

192 1991 233 2022 30
249 1988 488 2036 fundatores
520 1989 768 2025 ecclesiarum
808 1990 859 2025 ad
890 1989 1055 2038 inopiam
1092 2003 1258 2042 vergere
1295 1991 1476 2040 ceperint,
1513 1992 1559 2027 ab

247 2046 387 2082 eisdem
412 2046 580 2083 ecclesiis
608 2047 836 2096 temporalis
869 2047 942 2083 vite
973 2048 1165 2099 suffragia
1194 2048 1426 2098 percipiant.
1462 2050 1559 2085 Item

246 2105 362 2147 XVII,
387 2104 595 2152 questione
611 2105 765 2151 ultima,
790 2105 966 2153 capitulo
985 2105 1111 2141 finali:
1143 2106 1391 2155 Quicumque,
1424 2115 1561 2143 narrat

246 2162 504 2209 Augustinus,
545 2164 751 2210 quomodo
783 2163 937 2212 quidam
972 2175 1055 2199 cum
1089 2163 1251 2200 heredes
1283 2177 1355 2201 non
1389 2164 1560 2209 haberet,

247 2219 439 2255 constituit
471 2220 669 2256 ecclesiam
698 2220 809 2257 ‘beati
843 2220 996 2257 Aurelii
1021 2221 1347 2270 Carthaginensis
1381 2221 1558 2270 episcopi

192 2281 230 2312 35
248 2278 426 2313 heredem
461 2279 648 2314 bonorum
681 2291 839 2315 suorum
884 2286 1039 2315 servato
1082 2279 1154 2315 sibi
1184 2292 1253 2315 usu
1283 2292 1354 2329 pro
1388 2287 1561 2329 tempore

250 2335 322 2370 vite
352 2348 432 2384 sue,
471 2336 539 2371 sed
570 2335 669 2372 natis
700 2336 772 2372 sihi
790 2336 891 2385 filiis
923 2336 1119 2385 episcopus
1152 2337 1323 2373 reddidit
1359 2337 1432 2374 sibi
1462 2338 1559 2374 bona

194 2406 197 2409 ¹
249 2393 350 2428 data.
401 2394 442 2428 In
475 2400 677 2442 potestate,
716 2393 846 2441 inquit
877 2393 1137 2441 Augustinus,
1171 2395 1332 2431 habehat
1363 2395 1560 2444 episcopus

250 2463 322 2486 non
355 2451 533 2501 reddere,
566 2452 633 2487 sed
665 2451 748 2487 iure
768 2451 872 2500 fori,
904 2464 976 2487 non
1000 2452 1084 2488 iure
1109 2452 1202 2501 poli.
1249 2452 1290 2489 Si
1322 2451 1442 2499 igitur
1475 2453 1560 2490 iure

249 2507 330 2555 poli
374 2521 455 2544 non
500 2508 638 2544 habuit
682 2508 895 2557 episcopus
934 2509 994 2545 ius
1032 2509 1228 2546 retinendi
1262 2511 1423 2557 donata,
1469 2523 1558 2547 cum

136 2567 210 2608 184⁰
249 2565 346 2601 illud
370 2566 428 2602 ius
452 2565 500 2602 sit
530 2566 589 2602 ius
614 2563 973 2619 divinumlcontra
1005 2568 1114 2615 quod
1146 2580 1227 2604 non
1261 2567 1366 2604 cadit
1400 2567 1558 2616 dispen-

249 2623 373 2671 sacio,
411 2623 592 2672 sequitur
624 2626 732 2672 quod
767 2624 920 2661 domini
953 2626 1194 2673 temporales
1227 2627 1375 2663 habent
1396 2626 1457 2662 ius
1489 2638 1558 2674 po-

321 2805 348 2837 5.
377 2805 458 2847 Cap.
483 2805 569 2837 VIII.
677 2815 729 2849 29.
764 2806 846 2847 Cap.
878 2807 995 2839 XXIX.
1105 2808 1157 2840 32.
1186 2807 1227 2846 Q.
1255 2808 1309 2848 IV,
1342 2817 1416 2849 cap.
1441 2808 1558 2840 XLIII.
