2050 3292
251 202 340 229 CAP.
355 192 495 245 xxvn]
718 203 852 234 LIBER
878 202 1088 234 TERTIUS.
1761 193 1842 241 659

248 322 362 345 usum
409 307 653 353 communia,
707 308 762 343 sic
806 308 949 344 debent
992 319 1075 344 esse
1127 308 1259 354 quoad
1303 307 1552 354 corporalem
1618 313 1795 348 Summary.

248 379 362 402 usum
416 365 646 402 communia
699 364 859 401 cuilibet
917 364 1039 412 digno
1097 363 1296 400 assistenti
1349 372 1386 399 et
1437 362 1554 400 solvit

248 423 419 460 finaliter
450 423 641 468 obiectus,
681 423 886 470 quomodo
918 422 958 458 in
992 434 1084 459 casu
1116 420 1376 470 ymaginabili
1409 422 1553 457 debent

245 481 428 517 liberales
461 482 565 517 bona
597 480 761 516 ecclesie
793 479 1007 527 dispertiri.

213 543 228 574 5
304 537 531 586 Capitulum
590 537 821 573 vicesimum
880 545 1065 585 quartum
1129 535 1336 572 recitando
1398 544 1550 583 septem
1592 553 1678 588 Chap
1712 552 1820 581 XXIV.

246 595 456 643 opiniones
507 595 610 631 inter
661 602 868 643 peccatum
924 594 1091 630 mortale
1143 602 1179 630 et
1225 592 1378 630 veniale
1429 592 1552 629 obicit

245 662 383 689 contra
415 653 520 699 illas3
553 652 684 700 primo
717 651 812 688 dicit
845 653 952 700 quod
987 664 1058 699 pro
1091 650 1200 688 omni
1236 649 1396 687 mortali
1419 663 1489 699 per
1511 663 1551 687 se

245 719 301 746 est
323 719 511 757 peccator
534 709 818 757 dampnabilis,
842 722 922 745 non
944 718 1076 745 autem
1102 721 1175 756 pro
1197 708 1356 758 veniali,
1377 708 1551 745 secunda

242 769 301 804 via
334 768 430 804 dicit
463 769 571 816 quod
603 780 722 803 omne
755 776 963 815 peccatum
987 779 1214 814 repugnans
1237 765 1369 813 gracie
1391 775 1548 813 gratum

189 824 401 862 iofacienti
447 834 504 863 est
537 825 706 861 mortale
739 833 775 861 et
807 836 926 861 omne
965 824 1074 861 aliud
1114 823 1287 868 veniale3
1333 823 1456 860 tercia
1487 823 1550 860 via

242 882 337 919 dicit
369 882 476 931 quod
507 883 634 919 solum
669 882 765 918 illud
797 891 854 918 est
886 891 1094 930 peccatum
1131 882 1311 925 mortale,
1347 893 1436 917 cum
1469 894 1549 928 quo

241 939 417 988 diligitur
461 940 611 988 aliquid
657 941 743 987 plus
786 953 905 988 quam
948 942 1072 986 Deus;
1116 948 1260 987 quarta
1304 938 1400 975 dicit
1443 939 1550 987 quod

240 1009 359 1034 omne
410 1007 618 1045 peccatum
668 997 912 1034 infirmitatis
964 1006 1021 1033 est
1074 997 1244 1033 mortale
1296 1004 1332 1033 et
1383 1008 1502 1032 omne
1543 992 1546 1048 ᾖ

117 1061 196 1093 265⁸
243 1064 448 1102 peccatum
494 1055 723 1103 ignorancie
765 1055 933 1099 veniale;
987 1055 1124 1103 quinta
1175 1054 1239 1091 via
1286 1053 1394 1100 dicit,
1439 1055 1549 1102 quod

188 1121 222 1152 τὸ
239 1125 358 1149 omne
390 1123 599 1161 peccatum
633 1122 766 1161 preter
803 1121 1013 1161 peccatum
1052 1112 1093 1148 in
1125 1111 1317 1160 Spiritum
1353 1113 1546 1148 Sanctum

239 1179 297 1206 est
318 1170 484 1216 veniale,
518 1179 625 1207 sexta
646 1170 708 1207 via
731 1170 840 1217 dicit,
873 1172 981 1218 quod
1003 1181 1123 1206 omne
1144 1177 1353 1218 peccatum
1379 1169 1548 1206 mortale

239 1236 296 1264 est
327 1228 368 1264 in
399 1228 603 1266 intellectu
637 1237 674 1265 et
705 1240 824 1265 omne
847 1228 1000 1265 veniale
1032 1228 1071 1264 in
1105 1240 1234 1273 sensu,
1268 1226 1346 1263 alia
1369 1226 1429 1263 via
1453 1226 1548 1264 dicit

237 1287 346 1333 quod
388 1287 515 1323 solum
562 1286 658 1322 illud
704 1295 911 1334 peccatum
954 1287 1062 1334 quod
1095 1294 1282 1333 peccator
1313 1284 1430 1321 vellet
1462 1297 1546 1322 esse

237 1343 385 1380 iustum
420 1353 456 1380 et
488 1352 679 1392 perpetue
711 1343 938 1392 inpunitum
973 1352 1030 1380 est
1065 1344 1243 1380 mortale.
1279 1344 1321 1378 In
1353 1342 1545 1379 solvendo

179 1417 221 1438 20
237 1401 463 1438 declaratur
485 1402 690 1450 quomodo
722 1400 932 1449 tripliciter
955 1401 1100 1438 dicitur
1132 1408 1341 1449 peccatum
1376 1401 1545 1437 mortale

236 1459 296 1494 vel
327 1459 494 1509 veniale,
539 1469 575 1496 et
619 1459 843 1496 ostenditur
887 1460 994 1507 quod
1042 1458 1146 1495 idem
1193 1466 1249 1496 est
1296 1458 1463 1494 mortale
1508 1467 1545 1494 et

237 1516 389 1553 veniale
434 1526 470 1553 et
502 1518 610 1565 quod
654 1529 773 1553 omne
817 1516 942 1553 eciam
989 1525 1197 1564 peccatum
1244 1515 1352 1563 prius
1390 1514 1544 1552 veniale

237 1574 403 1610 mortale
447 1574 723 1611 concomitans
768 1582 825 1610 est
869 1575 1051 1621 mortale,
1095 1586 1230 1621 ymmo
1277 1574 1386 1621 quod
1424 1585 1544 1609 omne

234 1640 442 1679 peccatum
484 1641 540 1669 est
579 1633 881 1681 quodammodo
922 1632 1104 1678 mortale,
1150 1644 1239 1668 cum
1273 1639 1399 1667 status
1432 1631 1544 1667 inno-

175 1696 216 1728 25
233 1689 368 1726 cencie
413 1689 584 1726 excludit
628 1689 833 1738 quodlibet
871 1689 1037 1733 veniale,
1085 1697 1377 1737 consequenter
1407 1697 1543 1725 narrat

232 1746 372 1795 triplex
404 1747 559 1796 signum
595 1759 664 1795 per
697 1749 803 1796 quod
838 1759 1049 1795 possumus
1083 1758 1323 1795 cognoscere
1351 1745 1383 1783 si
1405 1758 1542 1783 sumus

232 1813 409 1853 expertes
454 1805 635 1842 mortalis
679 1813 717 1843 et
759 1817 959 1853 exponens
1011 1804 1108 1841 illud
1152 1805 1276 1843 Math.
1322 1816 1447 1852 usque
1492 1805 1542 1840 ad

232 1862 457 1910 septuagies
485 1862 630 1911 septies
662 1871 699 1899 et
722 1863 816 1900 Luc.
840 1864 938 1899 XIV.
978 1863 1055 1907 Qui
1082 1875 1155 1899 non
1186 1863 1262 1898 odit
1285 1862 1353 1898 hec
1383 1868 1539 1911 septem,

232 1932 303 1956 non
321 1927 449 1969 potest
471 1933 576 1957 meus
604 1933 684 1961 esse
715 1920 935 1970 discipulus,
969 1929 1005 1956 et
1039 1928 1174 1956 narrat
1205 1919 1386 1956 ordinem
1421 1919 1541 1956 dandi

175 1977 492 2016 3oelemosinam
538 1991 617 2026 quo
663 1979 784 2014 modo
829 1978 1021 2014 debemus
1057 1977 1246 2014 continue
1287 1976 1452 2021 conteri,
1505 1985 1542 2013 et

230 2044 369 2072 narrat
420 2035 617 2084 triplicem
678 2035 974 2072 conclusionem
1033 2036 1082 2072 de
1139 2034 1373 2072 remissione
1423 2034 1540 2071 unius

230 2093 384 2141 peccati
438 2106 527 2130 cum
581 2093 660 2129 alio
713 2093 911 2141 posterius
963 2101 1103 2129 contra
1155 2092 1329 2141 primum
1383 2091 1538 2139 signum

231 2149 433 2188 mundicie
485 2164 506 2187 a
560 2151 718 2188 mortali
771 2163 841 2198 per
892 2152 968 2187 hoc
1012 2152 1118 2199 quod
1162 2158 1319 2199 oportet
1362 2148 1541 2197 singulos

230 2220 387 2244 servare
431 2217 512 2245 tam
559 2208 725 2245 consilia
757 2221 877 2257 quarn
923 2217 1110 2257 precepta
1143 2207 1386 2256 evangelica,
1431 2208 1540 2256 quod

175 2271 213 2304 35
232 2266 490 2303 concedendo
535 2267 713 2303 declarat
757 2266 1037 2304 excusaciones
1080 2275 1238 2303 nostras
1282 2265 1321 2301 in
1364 2264 1540 2314 peccatis

233 2322 335 2360 erisii
381 2330 417 2359 et
449 2325 650 2360 narrando
682 2324 829 2360 factum
865 2325 1042 2360 Romane
1087 2323 1195 2361 curie
1239 2322 1357 2360 infert
1389 2321 1528 2370 viginti

195 2393 296 2417 vsex
348 2380 623 2418 conclusiones
674 2381 845 2418 morales
896 2382 1131 2430 exponendo
1175 2381 1273 2417 illud
1326 2381 1449 2419 Math.
1488 2381 1537 2416 VI

233 2438 276 2473 Si
305 2438 438 2474 oculus
469 2446 554 2475 tuus
577 2439 707 2486 suerit
737 2439 917 2488 simplex,
963 2448 999 2475 et
1033 2439 1241 2477 declarans
1274 2436 1535 2485 multiplicem

232 2494 506 2542 ignoranciam
540 2498 683 2544 probat
715 2496 755 2533 in
789 2496 1045 2533 conclusione
1078 2496 1266 2533 vicesima
1305 2493 1538 2544 quadrupli-

172 2568 216 2598 40
233 2553 330 2589 citer
374 2554 482 2601 quod
527 2553 819 2602 predestinatus
871 2566 1079 2603 nunquam
1133 2562 1190 2591 est
1240 2553 1383 2601 dignus
1434 2564 1538 2600 pena

111 2619 193 2652 265¹>
231 2619 422 2658 perpetua
455 2623 525 2647 nec
554 2608 559 2662 Ι
588 2610 781 2659 prescitus
813 2610 891 2648 vita
924 2620 1070 2650 eterna.
1115 2614 1156 2648 In
1188 2610 1411 2659 penultima
1442 2622 1536 2647 con-

301 2799 347 2833 36.
371 2797 463 2828 Cod.:
484 2801 575 2828 infert
593 2801 674 2828 erisii
698 2801 776 2836 (sic).
