2050 3292
135 1706 201 1737 214

252 194 340 221 cAp.
363 183 492 240 xxm]
716 198 850 230 LIBER
877 199 1086 232 TERTIUS.
1765 204 1842 243 527

251 302 509 339 Enchiridion
535 304 582 339 III
614 304 860 354 septuaginta
892 313 1034 355 septem
1067 315 1155 342 sunt
1184 308 1338 357 gradus
1360 320 1381 343 a
1403 307 1557 343 Christo

251 373 367 409 usque
398 362 449 396 ad
471 361 609 406 Adam,
643 369 682 396 ut
714 362 882 399 sciamus
912 365 1014 412 quod
1045 372 1164 400 totum
1198 365 1404 401 humanum
1437 377 1560 416 genus

250 418 433 469 astringit
464 419 535 454 ista
564 421 775 468 precepcio.

309 475 452 512 Tercio
486 476 757 513 examinemus
790 477 1048 515 affeccionem
1083 480 1304 528 propriam,
1338 479 1369 517 si
1399 493 1470 516 nos
1493 488 1561 516 aut
1608 487 1633 516 3.
1655 488 1713 516 We
1733 492 1814 527 must

218 540 230 572 ζ
252 543 387 571 nostra
411 533 624 582 diligimus,
645 537 751 583 quod
774 536 862 583 plus
886 536 1099 573 timeamus
1123 549 1261 574 eorum
1286 537 1559 586 perdicionem
1640 531 1779 550 examine

1594 559 1751 585 ourselves
1771 558 1831 585 and

252 604 371 640 quam
407 593 602 628 defectum
638 593 878 630 defensionis
910 595 969 631 vel
1002 595 1259 633 observancie
1291 596 1387 644 legis
1421 595 1492 631 Dei
1525 604 1562 632 et
1583 601 1632 620 see
1651 594 1715 620 1¹¹&
1736 601 1780 619 we
1802 597 1845 619 ⁵01

251 660 345 686 tunc
377 663 458 686 non
492 649 695 686 caritative
719 651 920 699 diligimus
943 665 1015 688 nos
1038 652 1159 700 ipsos,
1184 653 1279 702 quia
1302 653 1562 702 preponimus
1577 628 1849 698 οῇυεξὴῖῗῗιξῐςκέῗά

252 708 290 744 in
336 720 472 744 amore
515 709 736 744 secundum
771 709 1029 746 affeccionem
1064 711 1372 759 proprietariam
1407 720 1561 759 tempo-
1595 699 1834 767 annyff'lsfiughsssse,

253 766 350 802 ralia
383 768 465 802 Deo
505 774 654 802 nostro.
706 768 753 803 Et
798 766 871 803 iste
903 767 1059 804 videtur
1103 782 1241 806 sensus
1275 768 1422 806 Christi
1457 770 1561 805 Luce

252 825 349 870 XIV,
374 824 444 861 26:
481 824 524 859 Si
543 824 626 872 quis
649 824 749 859 venit
770 826 822 860 ad
844 837 902 860 me
925 834 959 862 et
981 839 1052 862 non
1077 827 1156 862 odit
1173 834 1328 876 patrem
1351 839 1461 863 suum
1487 835 1560 862 etc.

253 882 375 918 Odire
400 889 531 918 autem
562 881 680 917 istum
714 882 985 930 septenarium
1012 883 1233 931 signantem
1260 884 1561 921 universitatem

252 939 535 987 temporalium
571 948 628 976 est
661 948 903 987 postponere
926 941 1252 989 parvipendendo
1282 942 1367 990 ipsa
1392 941 1430 977 in
1455 955 1563 978 com—

253 996 469 1045 paracione
486 998 534 1033 ad
557 1009 735 1034 amorem
757 998 841 1041 Dei,
866 1011 959 1034 nam
984 999 1194 1036 facientem
1213 999 1444 1048 oppositum
1470 999 1564 1036 dicit

253 1056 393 1091 Matth.
427 1056 529 1091 XVII
573 1068 645 1091 non
679 1068 759 1091 esse
789 1056 871 1105 ipso
905 1057 1080 1107 dignum,
1127 1067 1163 1094 et
1207 1070 1276 1106 per
1316 1070 1563 1106 consequens

223 1119 342 1150 'cum
389 1115 494 1149 Deus
541 1112 684 1149 caritas
728 1122 797 1159 est,
850 1127 930 1150 non
983 1124 1040 1151 est
1093 1115 1235 1163 dignus
1284 1115 1449 1152 caritate
1496 1115 1564 1163 qui

253 1170 419 1207 offendit
452 1170 491 1206 in
524 1170 698 1218 primum
724 1180 761 1207 et
786 1171 1001 1208 maximum
1027 1175 1260 1209 mandatum
1293 1175 1340 1210 de
1363 1173 1564 1221 diligendo

254 1232 378 1265 Deum
414 1241 532 1276 super
564 1228 712 1265 omnia.
770 1231 818 1266 Et
850 1229 905 1266 sic
944 1229 985 1266 in
1017 1230 1092 1267 isto
1131 1232 1257 1279 gradu
1291 1231 1467 1268 caritatis
1501 1231 1564 1267 de-

254 1289 392 1323 bemus
426 1299 447 1322 a
470 1286 584 1323 nobis
607 1286 795 1334 incipere,
831 1287 986 1324 dicente
1008 1288 1232 1337 Augustino
1257 1288 1460 1325 Enchirid.
1491 1298 1563 1337 59:

260 1345 346 1389 Qui,
394 1344 537 1392 inquit,
584 1345 665 1380 vult
709 1345 886 1382 ordinate
926 1347 1021 1381 dare
1053 1347 1313 1396 elemosinam,
1359 1360 1380 1382 α
1413 1359 1452 1383 se
1484 1347 1564 1396 ipso

255 1404 362 1439 debet
395 1403 558 1451 incipere
595 1410 630 1438 et
669 1415 751 1438 eam
785 1403 856 1438 sibi
888 1404 1060 1452 primum
1095 1405 1203 1441 dare.
1256 1405 1329 1440 Est
1361 1405 1457 1440 enim
1491 1405 1565 1440 ele-

255 1461 402 1497 mosina
435 1472 530 1509 opus
562 1460 839 1506 misericordie,
882 1461 1151 1510 verissimeque
1195 1462 1337 1498 dictum
1371 1470 1446 1499 est:
1490 1462 1565 1497 Mi-

253 1531 385 1556 serere
416 1518 542 1554 anime
572 1525 634 1554 tue
660 1519 820 1567 placens
843 1520 937 1555 Deo.
975 1520 1145 1567 Oportet
1178 1532 1271 1568 ergo
1305 1521 1412 1568 quod
1445 1521 1566 1556 homo

255 1577 304 1614 ad
356 1588 515 1612 sensum
570 1576 791 1624 expositum
837 1576 948 1613 odiat
992 1576 1169 1614 animam
1224 1591 1351 1624 suam,
1404 1578 1436 1614 si
1483 1578 1566 1614 vult

255 1633 456 1671 custodire
505 1646 590 1670 eam
637 1634 676 1670 in
719 1633 841 1670 vitam
889 1643 1087 1682 eternam3
1139 1635 1258 1672 nimis
1304 1644 1437 1672 autem
1483 1635 1568 1672 odit

255 1691 432 1729 animam
473 1687 478 1745 Ι
513 1691 580 1741 qui
633 1700 797 1740 propter
851 1693 1000 1729 bonum
1054 1702 1382 1733 momentaneum
1438 1693 1569 1742 perdit

256 1763 356 1789 eam.

314 1808 428 1845 Unde
461 1807 557 1844 false
590 1806 779 1855 fingimus
812 1820 884 1844 nos
918 1808 1082 1856 diligere
1106 1811 1231 1845 Deum
1267 1822 1386 1858 super
1418 1808 1566 1851 omnia,

259 1879 349 1903 cum
383 1864 607 1913 postposito
640 1866 746 1902 bono
778 1865 933 1902 virtutis
974 1866 1089 1903 bonis
1122 1866 1285 1914 privatis
1318 1868 1477 1904 fortune
1509 1868 1570 1903 vel

258 1933 399 1961 nature
443 1923 700 1960 intendimus.
754 1924 924 1971 Oportet
969 1923 1074 1960 enim
1120 1926 1170 1960 ad
1223 1925 1334 1961 iIIum
1388 1937 1567 1961 amorem

200 1987 243 2020 30
259 1993 398 2020 cavere
442 1989 607 2030 peccata
652 1989 688 2017 et
732 1982 880 2018 bonum
927 1982 1068 2028 facere,
1118 1994 1208 2018 cum
1254 1982 1326 2019 iste
1371 1982 1449 2019 sint
1493 1984 1570 2019 due

258 2048 391 2089 partes
435 2038 603 2083 iusticie,
649 2052 819 2087 quarum
865 2039 1037 2087 primam
1071 2048 1230 2087 oportet
1262 2049 1447 2077 naturam
1482 2053 1570 2089 pre-

259 2100 411 2143 cedere,
458 2096 552 2146 quia
596 2096 710 2133 aliter
753 2097 837 2133 odit
881 2098 1002 2134 homo
1049 2097 1225 2134 animam
1260 2100 1395 2147 quoad
1428 2101 1568 2143 Deum,

259 2156 353 2205 quia
385 2154 452 2203 qui
486 2154 614 2203 diligit
646 2154 1241 2203 iniquitatem,quomodolibet
1281 2156 1444 2193 mixtam
1479 2169 1567 2193 cum

259 2217 365 2252 bono
400 2214 447 2249 de
479 2225 622 2261 genere
655 2222 887 2261 prepostere
920 2213 1014 2249 facit
1046 2215 1209 2252 bonum.

319 2271 454 2308 Primo
488 2283 581 2318 ergo
614 2272 833 2308 secundum
869 2270 1093 2307 doctrinam
1120 2271 1267 2308 Christi
1303 2274 1407 2308 Luce
1431 2273 1492 2318 XI,
1518 2284 1565 2320 41

260 2338 418 2378 oportet
450 2330 559 2377 quod
593 2330 809 2366 mundetur
842 2328 1092 2365 consciencia
1127 2342 1202 2377 que
1235 2329 1391 2366 deintus
1426 2338 1495 2375 est,
1535 2338 1573 2366 et

262 2395 550 2436 consequenter
590 2387 677 2421 date
715 2387 960 2422 elemosinam
999 2399 1044 2422 ac
1076 2387 1201 2422 onznia
1234 2399 1452 2436 quecunque
1483 2400 1570 2424 con-

261 2446 421 2496 tigerint
453 2452 564 2481 erunt
597 2445 754 2481 munda.
791 2446 892 2481 Nam
926 2443 1160 2492 inpossibile
1193 2453 1250 2481 est
1278 2444 1569 2482 inmundiciam

332 2601 371 2654 'mi
392 2595 446 2619 est.
469 2591 563 2620 Cod.:
584 2594 623 2618 et.
696 2598 734 2618 21.
756 2590 850 2618 Cod.:
871 2591 1025 2619 verissime
1043 2591 1125 2627 quia.
1199 2590 1244 2627 37,
1264 2590 1307 2620 38.
1333 2591 1427 2619 Cod.:
1454 2592 1573 2619 contin-

262 2634 354 2662 germ
372 2648 378 2654 .

339 2721 364 2742 1.
391 2710 495 2741 Recte
521 2709 631 2742 Serm.
659 2710 824 2742 LXXXIII
851 2711 902 2742 De
920 2709 1022 2742 Verb.
1041 2709 1176 2753 Evang.
1201 2710 1322 2744 Matth.
1346 2710 1454 2742 XVIII
1482 2711 1574 2753 Opp.

263 2763 348 2788 tom.
381 2757 422 2798 V,
464 2766 543 2797 pag.
584 2756 778 2798 449——45Q
920 2767 969 2797 14.
1011 2756 1133 2788 Recte:
1176 2756 1296 2789 Matth.
1338 2757 1378 2801 X,
1424 2759 1477 2799 37,
1521 2757 1574 2790 38.

269 2814 307 2846 ις)
345 2803 450 2834 Recte
476 2812 549 2844 cap.
578 2803 713 2834 LXXVI
742 2804 834 2846 Opp.
861 2809 946 2836 tom.
966 2803 1020 2843 VI,
1048 2813 1124 2845 pag.
1154 2803 1230 2836 225.
