<?xml version="1.0" encoding="UTF-8"?>
<!DOCTYPE html PUBLIC "-//W3C//DTD XHTML 1.0 Transitional//EN"
    "http://www.w3.org/TR/xhtml1/DTD/xhtml1-transitional.dtd">
<html xmlns="http://www.w3.org/1999/xhtml" xml:lang="en" lang="en">
 <head>
  <title>
</title>
<meta http-equiv="Content-Type" content="text/html;charset=utf-8" />
  <meta name='ocr-system' content='tesseract 3.04.00' />
  <meta name='ocr-capabilities' content='ocr_page ocr_carea ocr_par ocr_line ocrx_word'/>
</head>
<body>
  <div class='ocr_page' id='page_1' title='image "./decivilidominio04wycl_0265.png"; bbox 0 0 2050 3292; ppageno 0'>
   <div class='ocr_carea' id='block_1_1' title="bbox 283 206 1874 262">
    <p class='ocr_par' dir='ltr' id='par_1_1' title="bbox 283 206 1874 262">
     <span class='ocr_line' id='line_1_1' title="bbox 283 206 1874 262; baseline 0.008 -16"><span class='ocrx_word' id='word_1_1' title='bbox 283 215 370 245; x_wconf 35' lang='lat' dir='ltr'>‹zi-xp.</span> <span class='ocrx_word' id='word_1_2' title='bbox 392 206 518 262; x_wconf 67' lang='lat' dir='ltr'>xxvi]</span> <span class='ocrx_word' id='word_1_3' title='bbox 748 220 881 252; x_wconf 78' lang='lat' dir='ltr'>LIBER</span> <span class='ocrx_word' id='word_1_4' title='bbox 907 218 1116 252; x_wconf 78' lang='lat' dir='ltr'>TERTIUS.</span> <span class='ocrx_word' id='word_1_5' title='bbox 1795 211 1874 259; x_wconf 76' lang='lat'>615</span> 
     </span>
    </p>
   </div>
   <div class='ocr_carea' id='block_1_2' title="bbox 160 324 1878 2622">
    <p class='ocr_par' dir='ltr' id='par_1_2' title="bbox 160 324 1878 2622">
     <span class='ocr_line' id='line_1_2' title="bbox 282 324 1589 374; baseline -0.002 -12"><span class='ocrx_word' id='word_1_6' title='bbox 282 334 324 362; x_wconf 91' lang='lat' dir='ltr'>ut</span> <span class='ocrx_word' id='word_1_7' title='bbox 356 325 411 362; x_wconf 88' lang='lat' dir='ltr'>sic</span> <span class='ocrx_word' id='word_1_8' title='bbox 444 335 593 373; x_wconf 78' lang='lat' dir='ltr'>peccat,</span> <span class='ocrx_word' id='word_1_9' title='bbox 641 334 677 363; x_wconf 85' lang='lat' dir='ltr'>et</span> <span class='ocrx_word' id='word_1_10' title='bbox 709 325 776 374; x_wconf 89' lang='lat' dir='ltr'>sic,</span> <span class='ocrx_word' id='word_1_11' title='bbox 821 334 863 361; x_wconf 89' lang='lat' dir='ltr'>ut</span> <span class='ocrx_word' id='word_1_12' title='bbox 897 324 1167 362; x_wconf 88' lang='lat' dir='ltr'>communiter</span> <span class='ocrx_word' id='word_1_13' title='bbox 1199 324 1327 361; x_wconf 90' lang='lat' dir='ltr'>infans</span> <span class='ocrx_word' id='word_1_14' title='bbox 1359 324 1477 361; x_wconf 85' lang='lat' dir='ltr'>unius</span> <span class='ocrx_word' id='word_1_15' title='bbox 1511 324 1589 361; x_wconf 89' lang='lat' dir='ltr'>diei</span> 
     </span>
     <span class='ocr_line' id='line_1_3' title="bbox 283 382 1587 431; baseline -0.002 -11"><span class='ocrx_word' id='word_1_16' title='bbox 283 383 407 420; x_wconf 86' lang='lat' dir='ltr'>eciam</span> <span class='ocrx_word' id='word_1_17' title='bbox 433 383 652 431; x_wconf 84' lang='lat' dir='ltr'>baptisatus</span> <span class='ocrx_word' id='word_1_18' title='bbox 675 392 814 431; x_wconf 87' lang='lat' dir='ltr'>peccat</span> <span class='ocrx_word' id='word_1_19' title='bbox 837 382 1044 419; x_wconf 84' lang='lat' dir='ltr'>venialiter</span> <span class='ocrx_word' id='word_1_20' title='bbox 1068 382 1171 418; x_wconf 85' lang='lat' dir='ltr'>iuxta</span> <span class='ocrx_word' id='word_1_21' title='bbox 1194 382 1290 418; x_wconf 90' lang='lat' dir='ltr'>illud</span> <span class='ocrx_word' id='word_1_22' title='bbox 1317 383 1429 421; x_wconf 82' lang='lat' dir='ltr'>Prov.</span> <span class='ocrx_word' id='word_1_23' title='bbox 1446 383 1526 429; x_wconf 89' lang='lat' dir='ltr'>XX,</span> <span class='ocrx_word' id='word_1_24' title='bbox 1544 395 1587 431; x_wconf 77' lang='lat'>9:</span> 
     </span>
     <span class='ocr_line' id='line_1_4' title="bbox 289 441 1588 490; baseline -0.001 -14"><span class='ocrx_word' id='word_1_25' title='bbox 289 441 383 485; x_wconf 82' lang='lat' dir='ltr'>Quis</span> <span class='ocrx_word' id='word_1_26' title='bbox 409 448 535 490; x_wconf 80' lang='lat' dir='ltr'>potest</span> <span class='ocrx_word' id='word_1_27' title='bbox 568 441 695 477; x_wconf 83' lang='lat' dir='ltr'><em>dicere</em></span> <span class='ocrx_word' id='word_1_28' title='bbox 727 441 908 477; x_wconf 83' lang='lat' dir='ltr'>mundum</span> <span class='ocrx_word' id='word_1_29' title='bbox 944 448 998 476; x_wconf 84' lang='lat' dir='ltr'>est</span> <span class='ocrx_word' id='word_1_30' title='bbox 1029 452 1099 476; x_wconf 86' lang='lat' dir='ltr'>cor</span> <span class='ocrx_word' id='word_1_31' title='bbox 1130 453 1269 487; x_wconf 84' lang='lat' dir='ltr'>meum,</span> <span class='ocrx_word' id='word_1_32' title='bbox 1299 452 1424 488; x_wconf 81' lang='lat' dir='ltr'>purus</span> <span class='ocrx_word' id='word_1_33' title='bbox 1450 452 1533 476; x_wconf 87' lang='lat' dir='ltr'>sum</span> <span class='ocrx_word' id='word_1_34' title='bbox 1567 452 1588 475; x_wconf 85' lang='lat' dir='ltr'>a</span> 
     </span>
     <span class='ocr_line' id='line_1_5' title="bbox 166 494 1588 549; baseline 0 -16"><span class='ocrx_word' id='word_1_35' title='bbox 166 504 244 542; x_wconf 75' lang='lat' dir='ltr'>249c</span> <span class='ocrx_word' id='word_1_36' title='bbox 278 505 448 547; x_wconf 84' lang='lat' dir='ltr'>peccato.</span> <span class='ocrx_word' id='word_1_37' title='bbox 481 501 529 534; x_wconf 88' lang='lat' dir='ltr'>Et</span> <span class='ocrx_word' id='word_1_38' title='bbox 561 499 636 534; x_wconf 85' lang='lat' dir='ltr'>ista</span> <span class='ocrx_word' id='word_1_39' title='bbox 669 507 726 535; x_wconf 89' lang='lat' dir='ltr'>est</span> <span class='ocrx_word' id='word_1_40' title='bbox 758 494 1210 549; x_wconf 65' lang='lat' dir='ltr'>sentencialAugustini</span> <span class='ocrx_word' id='word_1_41' title='bbox 1237 497 1277 533; x_wconf 90' lang='lat' dir='ltr'>in</span> <span class='ocrx_word' id='word_1_42' title='bbox 1302 499 1359 534; x_wconf 90' lang='lat' dir='ltr'>De</span> <span class='ocrx_word' id='word_1_43' title='bbox 1382 497 1588 547; x_wconf 82' lang='lat' dir='ltr'>Baptismo</span> 
     </span>
     <span class='ocr_line' id='line_1_6' title="bbox 250 554 1589 604; baseline -0.001 -12"><span class='ocrx_word' id='word_1_44' title='bbox 250 556 539 604; x_wconf 69' lang='lat' dir='ltr'>§parvulorum</span> <span class='ocrx_word' id='word_1_45' title='bbox 586 564 622 592; x_wconf 94' lang='lat' dir='ltr'>et</span> <span class='ocrx_word' id='word_1_46' title='bbox 666 555 831 604; x_wconf 85' lang='lat' dir='ltr'>ponitur</span> <span class='ocrx_word' id='word_1_47' title='bbox 875 555 915 591; x_wconf 89' lang='lat' dir='ltr'>in</span> <span class='ocrx_word' id='word_1_48' title='bbox 960 555 1129 591; x_wconf 83' lang='lat' dir='ltr'>decretis</span> <span class='ocrx_word' id='word_1_49' title='bbox 1173 557 1230 591; x_wconf 93' lang='lat' dir='ltr'>De</span> <span class='ocrx_word' id='word_1_50' title='bbox 1270 554 1589 592; x_wconf 88' lang='lat' dir='ltr'>Consecracione</span> 
     </span>
     <span class='ocr_line' id='line_1_7' title="bbox 283 611 1589 661; baseline -0.001 -12"><span class='ocrx_word' id='word_1_51' title='bbox 283 613 546 650; x_wconf 86' lang='lat' dir='ltr'>distinccione</span> <span class='ocrx_word' id='word_1_52' title='bbox 579 615 640 651; x_wconf 89' lang='lat' dir='ltr'>IV.</span> <span class='ocrx_word' id='word_1_53' title='bbox 683 614 769 649; x_wconf 91' lang='lat' dir='ltr'>Non</span> <span class='ocrx_word' id='word_1_54' title='bbox 814 625 864 649; x_wconf 77' lang='lat' dir='ltr'>ex</span> <span class='ocrx_word' id='word_1_55' title='bbox 913 625 999 661; x_wconf 83' lang='lat' dir='ltr'>quo,</span> <span class='ocrx_word' id='word_1_56' title='bbox 1053 612 1119 648; x_wconf 88' lang='lat' dir='ltr'>ubi</span> <span class='ocrx_word' id='word_1_57' title='bbox 1165 611 1312 648; x_wconf 87' lang='lat' dir='ltr'>dicitur</span> <span class='ocrx_word' id='word_1_58' title='bbox 1355 614 1463 661; x_wconf 90' lang='lat' dir='ltr'>quod</span> <span class='ocrx_word' id='word_1_59' title='bbox 1501 620 1589 661; x_wconf 80' lang='lat' dir='ltr'>post</span> 
     </span>
     <span class='ocr_line' id='line_1_8' title="bbox 281 670 1588 720; baseline -0.001 -13"><span class='ocrx_word' id='word_1_60' title='bbox 281 671 507 720; x_wconf 78' lang='lat' dir='ltr'>baptismum</span> <span class='ocrx_word' id='word_1_61' title='bbox 541 679 712 707; x_wconf 81' lang='lat' dir='ltr'>remanet</span> <span class='ocrx_word' id='word_1_62' title='bbox 744 671 948 720; x_wconf 81' lang='lat' dir='ltr'>corrupcio</span> <span class='ocrx_word' id='word_1_63' title='bbox 993 671 1028 705; x_wconf 87' lang='lat' dir='ltr'>in</span> <span class='ocrx_word' id='word_1_64' title='bbox 1072 670 1213 717; x_wconf 81' lang='lat' dir='ltr'>anima,</span> <span class='ocrx_word' id='word_1_65' title='bbox 1257 682 1334 718; x_wconf 87' lang='lat' dir='ltr'>que</span> <span class='ocrx_word' id='word_1_66' title='bbox 1380 670 1588 718; x_wconf 83' lang='lat' dir='ltr'>corrupcio</span> 
     </span>
     <span class='ocr_line' id='line_1_9' title="bbox 280 728 1589 775; baseline -0.001 -11"><span class='ocrx_word' id='word_1_67' title='bbox 280 729 500 765; x_wconf 87' lang='lat' dir='ltr'>secundum</span> <span class='ocrx_word' id='word_1_68' title='bbox 532 728 873 765; x_wconf 88' lang='lat' dir='ltr'>Archidiaconum</span> <span class='ocrx_word' id='word_1_69' title='bbox 919 737 976 764; x_wconf 91' lang='lat' dir='ltr'>est</span> <span class='ocrx_word' id='word_1_70' title='bbox 1015 736 1239 775; x_wconf 85' lang='lat' dir='ltr'>peccatum,</span> <span class='ocrx_word' id='word_1_71' title='bbox 1285 735 1320 763; x_wconf 88' lang='lat' dir='ltr'>et</span> <span class='ocrx_word' id='word_1_72' title='bbox 1362 735 1488 764; x_wconf 85' lang='lat' dir='ltr'>tamen</span> <span class='ocrx_word' id='word_1_73' title='bbox 1534 735 1589 763; x_wconf 81' lang='lat' dir='ltr'>est</span> 
     </span>
     <span class='ocr_line' id='line_1_10' title="bbox 276 785 1588 836; baseline -0.001 -15"><span class='ocrx_word' id='word_1_74' title='bbox 276 787 391 834; x_wconf 83' lang='lat' dir='ltr'>plena</span> <span class='ocrx_word' id='word_1_75' title='bbox 431 787 604 822; x_wconf 80' lang='lat' dir='ltr'>remissio</span> <span class='ocrx_word' id='word_1_76' title='bbox 644 793 894 836; x_wconf 81' lang='lat' dir='ltr'>peccatorum</span> <span class='ocrx_word' id='word_1_77' title='bbox 929 786 1056 834; x_wconf 84' lang='lat' dir='ltr'>quoad</span> <span class='ocrx_word' id='word_1_78' title='bbox 1093 787 1244 834; x_wconf 80' lang='lat' dir='ltr'>culpam</span> <span class='ocrx_word' id='word_1_79' title='bbox 1291 785 1588 834; x_wconf 77' lang='lat' dir='ltr'>dampnabilem,</span> 
     </span>
     <span class='ocr_line' id='line_1_11' title="bbox 228 842 1586 892; baseline -0.001 -12"><span class='ocrx_word' id='word_1_80' title='bbox 228 859 265 880; x_wconf 89' lang='lat'>10</span> <span class='ocrx_word' id='word_1_81' title='bbox 282 853 318 879; x_wconf 87' lang='lat' dir='ltr'>et</span> <span class='ocrx_word' id='word_1_82' title='bbox 340 844 407 879; x_wconf 84' lang='lat' dir='ltr'>illa</span> <span class='ocrx_word' id='word_1_83' title='bbox 432 853 487 880; x_wconf 89' lang='lat' dir='ltr'>est</span> <span class='ocrx_word' id='word_1_84' title='bbox 512 856 655 892; x_wconf 81' lang='lat' dir='ltr'>magna</span> <span class='ocrx_word' id='word_1_85' title='bbox 680 842 874 887; x_wconf 83' lang='lat' dir='ltr'>remissio,</span> <span class='ocrx_word' id='word_1_86' title='bbox 898 856 976 891; x_wconf 82' lang='lat' dir='ltr'>qua</span> <span class='ocrx_word' id='word_1_87' title='bbox 999 843 1141 880; x_wconf 86' lang='lat' dir='ltr'>virtute</span> <span class='ocrx_word' id='word_1_88' title='bbox 1164 842 1353 891; x_wconf 82' lang='lat' dir='ltr'>baptismi</span> <span class='ocrx_word' id='word_1_89' title='bbox 1377 851 1586 891; x_wconf 85' lang='lat' dir='ltr'>peccatum</span> 
     </span>
     <span class='ocr_line' id='line_1_12' title="bbox 281 899 1878 949; baseline -0.001 -13"><span class='ocrx_word' id='word_1_90' title='bbox 281 901 323 938; x_wconf 85' lang='lat' dir='ltr'>fit</span> <span class='ocrx_word' id='word_1_91' title='bbox 367 902 530 938; x_wconf 83' lang='lat' dir='ltr'>veniale.</span> <span class='ocrx_word' id='word_1_92' title='bbox 582 901 702 937; x_wconf 85' lang='lat' dir='ltr'>Aliud</span> <span class='ocrx_word' id='word_1_93' title='bbox 747 901 867 949; x_wconf 85' lang='lat' dir='ltr'>igitur</span> <span class='ocrx_word' id='word_1_94' title='bbox 911 910 967 937; x_wconf 88' lang='lat' dir='ltr'>est</span> <span class='ocrx_word' id='word_1_95' title='bbox 1005 913 1124 937; x_wconf 89' lang='lat' dir='ltr'>omne</span> <span class='ocrx_word' id='word_1_96' title='bbox 1158 909 1366 949; x_wconf 83' lang='lat' dir='ltr'>peccatum</span> <span class='ocrx_word' id='word_1_97' title='bbox 1402 899 1588 948; x_wconf 84' lang='lat' dir='ltr'>baptisati</span> <span class='ocrx_word' id='word_1_98' title='bbox 1604 906 1650 933; x_wconf 91' lang='lat' dir='ltr'>To</span> <span class='ocrx_word' id='word_1_99' title='bbox 1672 906 1762 933; x_wconf 77' lang='lat' dir='ltr'>remit</span> <span class='ocrx_word' id='word_1_100' title='bbox 1784 906 1878 934; x_wconf 78' lang='lat' dir='ltr'>sinis</span> 
     </span>
     <span class='ocr_line' id='line_1_13' title="bbox 280 941 1856 1007; baseline -0.001 -12"><span class='ocrx_word' id='word_1_101' title='bbox 280 959 429 996; x_wconf 87' lang='lat' dir='ltr'>remitti</span> <span class='ocrx_word' id='word_1_102' title='bbox 474 968 511 996; x_wconf 86' lang='lat' dir='ltr'>et</span> <span class='ocrx_word' id='word_1_103' title='bbox 555 958 664 996; x_wconf 88' lang='lat' dir='ltr'>aliud</span> <span class='ocrx_word' id='word_1_104' title='bbox 708 967 765 996; x_wconf 89' lang='lat' dir='ltr'>est</span> <span class='ocrx_word' id='word_1_105' title='bbox 797 958 928 1007; x_wconf 87' lang='lat' dir='ltr'>ipsum</span> <span class='ocrx_word' id='word_1_106' title='bbox 962 958 1196 1006; x_wconf 88' lang='lat' dir='ltr'>simpliciter</span> <span class='ocrx_word' id='word_1_107' title='bbox 1227 957 1326 1003; x_wconf 88' lang='lat' dir='ltr'>tolli,</span> <span class='ocrx_word' id='word_1_108' title='bbox 1372 959 1477 994; x_wconf 85' lang='lat' dir='ltr'>unde</span> <span class='ocrx_word' id='word_1_109' title='bbox 1509 959 1588 994; x_wconf 85' lang='lat' dir='ltr'>Au—</span> <span class='ocrx_word' id='word_1_110' title='bbox 1628 941 1856 1002; x_wconf 39' lang='lat' dir='ltr'>thtghssafiffle</span> 
     </span>
     <span class='ocr_line' id='line_1_14' title="bbox 279 1015 1790 1065; baseline -0.001 -12"><span class='ocrx_word' id='word_1_111' title='bbox 279 1016 461 1064; x_wconf 87' lang='lat' dir='ltr'>gustinus</span> <span class='ocrx_word' id='word_1_112' title='bbox 506 1017 638 1065; x_wconf 87' lang='lat' dir='ltr'>primo</span> <span class='ocrx_word' id='word_1_113' title='bbox 671 1017 849 1054; x_wconf 86' lang='lat' dir='ltr'>Confess.</span> <span class='ocrx_word' id='word_1_114' title='bbox 883 1015 1058 1064; x_wconf 86' lang='lat' dir='ltr'>capitulo</span> <span class='ocrx_word' id='word_1_115' title='bbox 1086 1017 1152 1052; x_wconf 90' lang='lat' dir='ltr'>VII</span> <span class='ocrx_word' id='word_1_116' title='bbox 1199 1016 1392 1052; x_wconf 84' lang='lat' dir='ltr'>confitens</span> <span class='ocrx_word' id='word_1_117' title='bbox 1425 1024 1589 1064; x_wconf 85' lang='lat' dir='ltr'>peccata</span> <span class='ocrx_word' id='word_1_118' title='bbox 1694 1019 1790 1046; x_wconf 72' lang='lat' dir='ltr'>away.</span> 
     </span>
     <span class='ocr_line' id='line_1_15' title="bbox 278 1074 1589 1122; baseline -0.002 -11"><span class='ocrx_word' id='word_1_119' title='bbox 278 1086 347 1111; x_wconf 87' lang='lat' dir='ltr'>sue</span> <span class='ocrx_word' id='word_1_120' title='bbox 392 1074 564 1111; x_wconf 88' lang='lat' dir='ltr'>infancie</span> <span class='ocrx_word' id='word_1_121' title='bbox 603 1075 658 1111; x_wconf 87' lang='lat' dir='ltr'>sic</span> <span class='ocrx_word' id='word_1_122' title='bbox 702 1074 863 1111; x_wconf 83' lang='lat' dir='ltr'>effatur:</span> <span class='ocrx_word' id='word_1_123' title='bbox 904 1074 999 1118; x_wconf 82' lang='lat' dir='ltr'>Quis</span> <span class='ocrx_word' id='word_1_124' title='bbox 1041 1074 1155 1110; x_wconf 83' lang='lat' dir='ltr'>michi</span> <span class='ocrx_word' id='word_1_125' title='bbox 1196 1081 1474 1110; x_wconf 76' lang='lat' dir='ltr'>commemorat</span> <span class='ocrx_word' id='word_1_126' title='bbox 1500 1086 1589 1122; x_wconf 82' lang='lat' dir='ltr'>pec—</span> 
     </span>
     <span class='ocr_line' id='line_1_16' title="bbox 226 1131 1588 1181; baseline -0.001 -14"><span class='ocrx_word' id='word_1_127' title='bbox 226 1135 405 1168; x_wconf 86' lang='lat' dir='ltr'>15catum</span> <span class='ocrx_word' id='word_1_128' title='bbox 438 1133 604 1181; x_wconf 84' lang='lat' dir='ltr'>infancie</span> <span class='ocrx_word' id='word_1_129' title='bbox 635 1133 745 1169; x_wconf 82' lang='lat' dir='ltr'>mee?</span> <span class='ocrx_word' id='word_1_130' title='bbox 787 1131 965 1181; x_wconf 84' lang='lat' dir='ltr'>quoniam</span> <span class='ocrx_word' id='word_1_131' title='bbox 1012 1144 1120 1167; x_wconf 88' lang='lat' dir='ltr'>nemo</span> <span class='ocrx_word' id='word_1_132' title='bbox 1165 1132 1330 1167; x_wconf 84' lang='lat' dir='ltr'>mundus</span> <span class='ocrx_word' id='word_1_133' title='bbox 1373 1144 1394 1166; x_wconf 84' lang='lat' dir='ltr'>a</span> <span class='ocrx_word' id='word_1_134' title='bbox 1431 1138 1588 1180; x_wconf 85' lang='lat' dir='ltr'>peccato</span> 
     </span>
     <span class='ocr_line' id='line_1_17' title="bbox 279 1189 1589 1239; baseline -0.001 -13"><span class='ocrx_word' id='word_1_135' title='bbox 279 1202 411 1226; x_wconf 86' lang='lat' dir='ltr'>coram</span> <span class='ocrx_word' id='word_1_136' title='bbox 435 1197 482 1238; x_wconf 86' lang='lat' dir='ltr'>te,</span> <span class='ocrx_word' id='word_1_137' title='bbox 516 1202 582 1227; x_wconf 88' lang='lat' dir='ltr'>nec</span> <span class='ocrx_word' id='word_1_138' title='bbox 604 1190 733 1239; x_wconf 84' lang='lat' dir='ltr'>infans</span> <span class='ocrx_word' id='word_1_139' title='bbox 756 1190 861 1225; x_wconf 83' lang='lat' dir='ltr'>cuius</span> <span class='ocrx_word' id='word_1_140' title='bbox 883 1197 939 1225; x_wconf 90' lang='lat' dir='ltr'>est</span> <span class='ocrx_word' id='word_1_141' title='bbox 961 1189 1071 1225; x_wconf 88' lang='lat' dir='ltr'>unius</span> <span class='ocrx_word' id='word_1_142' title='bbox 1094 1189 1170 1225; x_wconf 84' lang='lat' dir='ltr'>diei</span> <span class='ocrx_word' id='word_1_143' title='bbox 1191 1189 1267 1224; x_wconf 84' lang='lat' dir='ltr'>vita</span> <span class='ocrx_word' id='word_1_144' title='bbox 1289 1201 1407 1238; x_wconf 77' lang='lat' dir='ltr'>super</span> <span class='ocrx_word' id='word_1_145' title='bbox 1428 1196 1589 1225; x_wconf 86' lang='lat' dir='ltr'>terram.</span> 
     </span>
     <span class='ocr_line' id='line_1_18' title="bbox 279 1246 1589 1295; baseline -0.001 -12"><span class='ocrx_word' id='word_1_146' title='bbox 279 1249 327 1284; x_wconf 83' lang='lat' dir='ltr'>Et</span> <span class='ocrx_word' id='word_1_147' title='bbox 364 1247 536 1285; x_wconf 89' lang='lat' dir='ltr'>recitans</span> <span class='ocrx_word' id='word_1_148' title='bbox 573 1247 825 1284; x_wconf 88' lang='lat' dir='ltr'>inordinatos</span> <span class='ocrx_word' id='word_1_149' title='bbox 870 1246 1046 1283; x_wconf 90' lang='lat' dir='ltr'>inhiatus</span> <span class='ocrx_word' id='word_1_150' title='bbox 1084 1246 1273 1284; x_wconf 89' lang='lat' dir='ltr'>uberibus</span> <span class='ocrx_word' id='word_1_151' title='bbox 1318 1255 1355 1283; x_wconf 91' lang='lat' dir='ltr'>et</span> <span class='ocrx_word' id='word_1_152' title='bbox 1398 1247 1589 1295; x_wconf 84' lang='lat' dir='ltr'>ploratus,</span> 
     </span>
     <span class='ocr_line' id='line_1_19' title="bbox 279 1304 1587 1354; baseline -0.002 -13"><span class='ocrx_word' id='word_1_153' title='bbox 279 1312 379 1349; x_wconf 80' lang='lat' dir='ltr'>tunc,</span> <span class='ocrx_word' id='word_1_154' title='bbox 412 1305 555 1354; x_wconf 90' lang='lat' dir='ltr'>inquit,</span> <span class='ocrx_word' id='word_1_155' title='bbox 590 1305 902 1354; x_wconf 78' lang='lat' dir='ltr'>reprehendenda</span> <span class='ocrx_word' id='word_1_156' title='bbox 932 1305 1132 1353; x_wconf 87' lang='lat' dir='ltr'>faciebam</span> <span class='ocrx_word' id='word_1_157' title='bbox 1167 1313 1204 1340; x_wconf 89' lang='lat' dir='ltr'>et</span> <span class='ocrx_word' id='word_1_158' title='bbox 1236 1304 1434 1352; x_wconf 89' lang='lat' dir='ltr'>sequitur:</span> <span class='ocrx_word' id='word_1_159' title='bbox 1468 1304 1587 1339; x_wconf 83' lang='lat' dir='ltr'>Imbe-</span> 
     </span>
     <span class='ocr_line' id='line_1_20' title="bbox 279 1362 1589 1411; baseline -0.002 -12"><span class='ocrx_word' id='word_1_160' title='bbox 279 1363 405 1399; x_wconf 85' lang='lat' dir='ltr'>cilitas</span> <span class='ocrx_word' id='word_1_161' title='bbox 436 1363 698 1399; x_wconf 84' lang='lat' dir='ltr'>membrorum</span> <span class='ocrx_word' id='word_1_162' title='bbox 744 1362 977 1411; x_wconf 81' lang='lat' dir='ltr'>infantilium</span> <span class='ocrx_word' id='word_1_163' title='bbox 1011 1362 1189 1398; x_wconf 83' lang='lat' dir='ltr'>innocens</span> <span class='ocrx_word' id='word_1_164' title='bbox 1221 1369 1287 1409; x_wconf 81' lang='lat' dir='ltr'>est,</span> <span class='ocrx_word' id='word_1_165' title='bbox 1334 1374 1406 1397; x_wconf 89' lang='lat' dir='ltr'>non</span> <span class='ocrx_word' id='word_1_166' title='bbox 1439 1362 1589 1397; x_wconf 79' lang='lat' dir='ltr'>animus</span> 
     </span>
     <span class='ocr_line' id='line_1_21' title="bbox 222 1420 1590 1471; baseline 0 -17"><span class='ocrx_word' id='word_1_167' title='bbox 222 1432 264 1454; x_wconf 87' lang='lat'>20</span> <span class='ocrx_word' id='word_1_168' title='bbox 279 1421 500 1469; x_wconf 86' lang='lat' dir='ltr'>infancium.</span> <span class='ocrx_word' id='word_1_169' title='bbox 541 1420 626 1456; x_wconf 75' lang='lat' dir='ltr'>Vidi</span> <span class='ocrx_word' id='word_1_170' title='bbox 654 1433 727 1470; x_wconf 75' lang='lat' dir='ltr'>ego</span> <span class='ocrx_word' id='word_1_171' title='bbox 759 1427 794 1456; x_wconf 87' lang='lat' dir='ltr'>et</span> <span class='ocrx_word' id='word_1_172' title='bbox 824 1428 1009 1469; x_wconf 81' lang='lat' dir='ltr'>expertus</span> <span class='ocrx_word' id='word_1_173' title='bbox 1040 1432 1123 1456; x_wconf 91' lang='lat' dir='ltr'>sum</span> <span class='ocrx_word' id='word_1_174' title='bbox 1152 1420 1339 1471; x_wconf 53' lang='lat' dir='ltr'>zelantem</span> <span class='ocrx_word' id='word_1_175' title='bbox 1359 1420 1590 1468; x_wconf 78' lang='lat' dir='ltr'>puerulum;</span> 
     </span>
     <span class='ocr_line' id='line_1_22' title="bbox 279 1476 1588 1527; baseline -0.002 -13"><span class='ocrx_word' id='word_1_176' title='bbox 279 1479 445 1514; x_wconf 83' lang='lat' dir='ltr'>nondum</span> <span class='ocrx_word' id='word_1_177' title='bbox 486 1478 713 1527; x_wconf 79' lang='lat' dir='ltr'>loquebatur</span> <span class='ocrx_word' id='word_1_178' title='bbox 745 1485 780 1514; x_wconf 87' lang='lat' dir='ltr'>et</span> <span class='ocrx_word' id='word_1_179' title='bbox 811 1478 1029 1513; x_wconf 86' lang='lat' dir='ltr'>intuebatur</span> <span class='ocrx_word' id='word_1_180' title='bbox 1055 1476 1230 1527; x_wconf 78' lang='lat' dir='ltr'>pallidus</span> <span class='ocrx_word' id='word_1_181' title='bbox 1261 1490 1399 1513; x_wconf 89' lang='lat' dir='ltr'>amaro</span> <span class='ocrx_word' id='word_1_182' title='bbox 1432 1485 1588 1526; x_wconf 81' lang='lat' dir='ltr'>aspectu</span> 
     </span>
     <span class='ocr_line' id='line_1_23' title="bbox 279 1535 1589 1580; baseline 0 -9"><span class='ocrx_word' id='word_1_183' title='bbox 279 1536 554 1572; x_wconf 86' lang='lat' dir='ltr'>collactaneum</span> <span class='ocrx_word' id='word_1_184' title='bbox 577 1549 709 1580; x_wconf 86' lang='lat' dir='ltr'>suum;</span> <span class='ocrx_word' id='word_1_185' title='bbox 739 1536 821 1571; x_wconf 87' lang='lat' dir='ltr'>vult</span> <span class='ocrx_word' id='word_1_186' title='bbox 843 1535 949 1571; x_wconf 85' lang='lat' dir='ltr'>enim</span> <span class='ocrx_word' id='word_1_187' title='bbox 973 1535 1043 1572; x_wconf 87' lang='lat' dir='ltr'>iste</span> <span class='ocrx_word' id='word_1_188' title='bbox 1067 1544 1227 1572; x_wconf 88' lang='lat' dir='ltr'>sanctus</span> <span class='ocrx_word' id='word_1_189' title='bbox 1250 1536 1392 1572; x_wconf 90' lang='lat' dir='ltr'>doctor</span> <span class='ocrx_word' id='word_1_190' title='bbox 1414 1546 1589 1571; x_wconf 82' lang='lat' dir='ltr'>asserere</span> 
     </span>
     <span class='ocr_line' id='line_1_24' title="bbox 279 1591 1589 1641; baseline -0.001 -12"><span class='ocrx_word' id='word_1_191' title='bbox 279 1595 387 1641; x_wconf 87' lang='lat' dir='ltr'>quod</span> <span class='ocrx_word' id='word_1_192' title='bbox 421 1594 545 1630; x_wconf 82' lang='lat' dir='ltr'>eciam</span> <span class='ocrx_word' id='word_1_193' title='bbox 593 1594 633 1629; x_wconf 92' lang='lat' dir='ltr'>in</span> <span class='ocrx_word' id='word_1_194' title='bbox 666 1602 779 1629; x_wconf 86' lang='lat' dir='ltr'>utero</span> <span class='ocrx_word' id='word_1_195' title='bbox 813 1602 996 1630; x_wconf 85' lang='lat' dir='ltr'>materno</span> <span class='ocrx_word' id='word_1_196' title='bbox 1028 1593 1222 1641; x_wconf 84' lang='lat' dir='ltr'>peccavit,</span> <span class='ocrx_word' id='word_1_197' title='bbox 1267 1605 1356 1629; x_wconf 88' lang='lat' dir='ltr'>curn</span> <span class='ocrx_word' id='word_1_198' title='bbox 1391 1591 1535 1628; x_wconf 85' lang='lat' dir='ltr'>defecit</span> <span class='ocrx_word' id='word_1_199' title='bbox 1567 1605 1589 1628; x_wconf 81' lang='lat' dir='ltr'>a</span> 
     </span>
     <span class='ocr_line' id='line_1_25' title="bbox 278 1649 1588 1699; baseline -0.002 -12"><span class='ocrx_word' id='word_1_200' title='bbox 278 1651 433 1688; x_wconf 57' lang='lat' dir='ltr'>noticia,</span> <span class='ocrx_word' id='word_1_201' title='bbox 458 1660 495 1687; x_wconf 90' lang='lat' dir='ltr'>et</span> <span class='ocrx_word' id='word_1_202' title='bbox 525 1651 645 1688; x_wconf 89' lang='lat' dir='ltr'>laude</span> <span class='ocrx_word' id='word_1_203' title='bbox 678 1651 750 1686; x_wconf 86' lang='lat' dir='ltr'>Dei</span> <span class='ocrx_word' id='word_1_204' title='bbox 783 1663 904 1699; x_wconf 84' lang='lat' dir='ltr'>quam</span> <span class='ocrx_word' id='word_1_205' title='bbox 938 1650 978 1686; x_wconf 89' lang='lat' dir='ltr'>in</span> <span class='ocrx_word' id='word_1_206' title='bbox 1011 1659 1116 1687; x_wconf 85' lang='lat' dir='ltr'>statu</span> <span class='ocrx_word' id='word_1_207' title='bbox 1148 1650 1383 1687; x_wconf 87' lang='lat' dir='ltr'>innocencie</span> <span class='ocrx_word' id='word_1_208' title='bbox 1416 1662 1489 1697; x_wconf 92' lang='lat' dir='ltr'>pro</span> <span class='ocrx_word' id='word_1_209' title='bbox 1522 1649 1588 1686; x_wconf 84' lang='lat' dir='ltr'>illa</span> 
     </span>
     <span class='ocr_line' id='line_1_26' title="bbox 222 1706 1589 1756; baseline 0.001 -14"><span class='ocrx_word' id='word_1_210' title='bbox 222 1712 260 1743; x_wconf 72' lang='lat'>25</span> <span class='ocrx_word' id='word_1_211' title='bbox 279 1717 383 1745; x_wconf 85' lang='lat' dir='ltr'>et-ate</span> <span class='ocrx_word' id='word_1_212' title='bbox 426 1708 640 1748; x_wconf 87' lang='lat' dir='ltr'>habuisset.</span> <span class='ocrx_word' id='word_1_213' title='bbox 686 1710 733 1744; x_wconf 88' lang='lat' dir='ltr'>Et</span> <span class='ocrx_word' id='word_1_214' title='bbox 777 1721 858 1744; x_wconf 90' lang='lat' dir='ltr'>non</span> <span class='ocrx_word' id='word_1_215' title='bbox 903 1717 961 1745; x_wconf 90' lang='lat' dir='ltr'>est</span> <span class='ocrx_word' id='word_1_216' title='bbox 993 1710 1102 1756; x_wconf 91' lang='lat' dir='ltr'>quod</span> <span class='ocrx_word' id='word_1_217' title='bbox 1136 1716 1339 1744; x_wconf 84' lang='lat' dir='ltr'>excusaret</span> <span class='ocrx_word' id='word_1_218' title='bbox 1376 1706 1489 1743; x_wconf 90' lang='lat' dir='ltr'>illum</span> <span class='ocrx_word' id='word_1_219' title='bbox 1523 1708 1589 1744; x_wconf 89' lang='lat' dir='ltr'>de-</span> 
     </span>
     <span class='ocr_line' id='line_1_27' title="bbox 160 1762 1588 1817; baseline 0.001 -18"><span class='ocrx_word' id='word_1_220' title='bbox 160 1767 241 1812; x_wconf 47' lang='grc'>2491</span> <span class='ocrx_word' id='word_1_221' title='bbox 279 1766 424 1803; x_wconf 86' lang='lat' dir='ltr'>fectum</span> <span class='ocrx_word' id='word_1_222' title='bbox 458 1765 499 1802; x_wconf 90' lang='lat' dir='ltr'>in</span> <span class='ocrx_word' id='word_1_223' title='bbox 533 1766 724 1816; x_wconf 80' lang='lat' dir='ltr'>moribus,</span> <span class='ocrx_word' id='word_1_224' title='bbox 756 1779 805 1803; x_wconf 90' lang='lat' dir='ltr'>ne</span> <span class='ocrx_word' id='word_1_225' title='bbox 839 1766 888 1802; x_wconf 90' lang='lat' dir='ltr'>sit</span> <span class='ocrx_word' id='word_1_226' title='bbox 917 1775 1125 1814; x_wconf 85' lang='lat' dir='ltr'>peccatum</span> <span class='ocrx_word' id='word_1_227' title='bbox 1155 1762 1160 1817; x_wconf 62' lang='lat' dir='ltr'>l</span> <span class='ocrx_word' id='word_1_228' title='bbox 1188 1765 1355 1811; x_wconf 86' lang='lat' dir='ltr'>veniale,</span> <span class='ocrx_word' id='word_1_229' title='bbox 1389 1764 1464 1801; x_wconf 86' lang='lat' dir='ltr'>nisi</span> <span class='ocrx_word' id='word_1_230' title='bbox 1487 1765 1588 1801; x_wconf 88' lang='lat' dir='ltr'>forte</span> 
     </span>
     <span class='ocr_line' id='line_1_28' title="bbox 278 1822 1587 1872; baseline 0 -13"><span class='ocrx_word' id='word_1_231' title='bbox 278 1824 411 1872; x_wconf 85' lang='lat' dir='ltr'>lapsus</span> <span class='ocrx_word' id='word_1_232' title='bbox 445 1824 618 1861; x_wconf 88' lang='lat' dir='ltr'>hominis</span> <span class='ocrx_word' id='word_1_233' title='bbox 651 1836 770 1872; x_wconf 87' lang='lat' dir='ltr'>quem</span> <span class='ocrx_word' id='word_1_234' title='bbox 803 1836 923 1860; x_wconf 86' lang='lat' dir='ltr'>nemo</span> <span class='ocrx_word' id='word_1_235' title='bbox 957 1823 1052 1860; x_wconf 90' lang='lat' dir='ltr'>dicit</span> <span class='ocrx_word' id='word_1_236' title='bbox 1086 1836 1271 1860; x_wconf 85' lang='lat' dir='ltr'>excusare</span> <span class='ocrx_word' id='word_1_237' title='bbox 1304 1822 1539 1871; x_wconf 82' lang='lat' dir='ltr'>simpliciter</span> <span class='ocrx_word' id='word_1_238' title='bbox 1566 1835 1587 1859; x_wconf 84' lang='lat' dir='ltr'>a</span> 
     </span>
     <span class='ocr_line' id='line_1_29' title="bbox 279 1880 1586 1930; baseline -0.002 -12"><span class='ocrx_word' id='word_1_239' title='bbox 279 1891 457 1929; x_wconf 77' lang='lat' dir='ltr'>peccato,</span> <span class='ocrx_word' id='word_1_240' title='bbox 490 1882 601 1919; x_wconf 88' lang='lat' dir='ltr'>Sicut</span> <span class='ocrx_word' id='word_1_241' title='bbox 633 1881 753 1930; x_wconf 83' lang='lat' dir='ltr'>igitur</span> <span class='ocrx_word' id='word_1_242' title='bbox 786 1883 907 1918; x_wconf 86' lang='lat' dir='ltr'>homo</span> <span class='ocrx_word' id='word_1_243' title='bbox 936 1882 1141 1918; x_wconf 87' lang='lat' dir='ltr'>dormiens</span> <span class='ocrx_word' id='word_1_244' title='bbox 1166 1890 1306 1930; x_wconf 83' lang='lat' dir='ltr'>peccat</span> <span class='ocrx_word' id='word_1_245' title='bbox 1330 1880 1455 1917; x_wconf 82' lang='lat' dir='ltr'>eciam</span> <span class='ocrx_word' id='word_1_246' title='bbox 1482 1893 1586 1916; x_wconf 88' lang='lat' dir='ltr'>mor—</span> 
     </span>
     <span class='ocr_line' id='line_1_30' title="bbox 278 1937 1589 1988; baseline -0.001 -13"><span class='ocrx_word' id='word_1_247' title='bbox 278 1940 408 1975; x_wconf 82' lang='lat' dir='ltr'>taliter</span> <span class='ocrx_word' id='word_1_248' title='bbox 453 1939 493 1976; x_wconf 92' lang='lat' dir='ltr'>in</span> <span class='ocrx_word' id='word_1_249' title='bbox 535 1952 630 1976; x_wconf 82' lang='lat' dir='ltr'>casu</span> <span class='ocrx_word' id='word_1_250' title='bbox 674 1952 754 1988; x_wconf 89' lang='lat' dir='ltr'>quo</span> <span class='ocrx_word' id='word_1_251' title='bbox 787 1939 896 1976; x_wconf 84' lang='lat' dir='ltr'>racio</span> <span class='ocrx_word' id='word_1_252' title='bbox 929 1938 1126 1976; x_wconf 83' lang='lat' dir='ltr'>consentit</span> <span class='ocrx_word' id='word_1_253' title='bbox 1158 1939 1279 1975; x_wconf 85' lang='lat' dir='ltr'>vetito</span> <span class='ocrx_word' id='word_1_254' title='bbox 1313 1947 1350 1974; x_wconf 88' lang='lat' dir='ltr'>et</span> <span class='ocrx_word' id='word_1_255' title='bbox 1382 1937 1589 1974; x_wconf 81' lang='lat' dir='ltr'>venialiter</span> 
     </span>
     <span class='ocr_line' id='line_1_31' title="bbox 222 1996 1588 2045; baseline 0 -14"><span class='ocrx_word' id='word_1_256' title='bbox 222 1996 318 2032; x_wconf 71' lang='lat' dir='ltr'>30in</span> <span class='ocrx_word' id='word_1_257' title='bbox 353 2010 445 2033; x_wconf 87' lang='lat' dir='ltr'>casu</span> <span class='ocrx_word' id='word_1_258' title='bbox 477 2010 558 2045; x_wconf 89' lang='lat' dir='ltr'>quo</span> <span class='ocrx_word' id='word_1_259' title='bbox 590 1997 737 2033; x_wconf 85' lang='lat' dir='ltr'>dormit</span> <span class='ocrx_word' id='word_1_260' title='bbox 769 1997 809 2033; x_wconf 92' lang='lat' dir='ltr'>in</span> <span class='ocrx_word' id='word_1_261' title='bbox 842 1997 976 2045; x_wconf 86' lang='lat' dir='ltr'>gracia</span> <span class='ocrx_word' id='word_1_262' title='bbox 1009 2006 1046 2034; x_wconf 92' lang='lat' dir='ltr'>et</span> <span class='ocrx_word' id='word_1_263' title='bbox 1069 1996 1214 2045; x_wconf 88' lang='lat' dir='ltr'>aliquis</span> <span class='ocrx_word' id='word_1_264' title='bbox 1237 2009 1375 2033; x_wconf 88' lang='lat' dir='ltr'>sensus</span> <span class='ocrx_word' id='word_1_265' title='bbox 1399 2005 1588 2044; x_wconf 84' lang='lat' dir='ltr'>evagatur</span> 
     </span>
     <span class='ocr_line' id='line_1_32' title="bbox 278 2053 1587 2103; baseline -0.002 -12"><span class='ocrx_word' id='word_1_266' title='bbox 278 2067 299 2091; x_wconf 86' lang='lat' dir='ltr'>a</span> <span class='ocrx_word' id='word_1_267' title='bbox 343 2055 459 2091; x_wconf 82' lang='lat' dir='ltr'>laude</span> <span class='ocrx_word' id='word_1_268' title='bbox 492 2054 564 2092; x_wconf 89' lang='lat' dir='ltr'>Dei</span> <span class='ocrx_word' id='word_1_269' title='bbox 610 2068 728 2103; x_wconf 87' lang='lat' dir='ltr'>quam</span> <span class='ocrx_word' id='word_1_270' title='bbox 774 2055 814 2091; x_wconf 86' lang='lat' dir='ltr'>in</span> <span class='ocrx_word' id='word_1_271' title='bbox 858 2063 964 2091; x_wconf 83' lang='lat' dir='ltr'>statu</span> <span class='ocrx_word' id='word_1_272' title='bbox 1000 2054 1237 2092; x_wconf 89' lang='lat' dir='ltr'>innocencie</span> <span class='ocrx_word' id='word_1_273' title='bbox 1268 2054 1486 2099; x_wconf 85' lang='lat' dir='ltr'>habuisset,</span> <span class='ocrx_word' id='word_1_274' title='bbox 1531 2053 1587 2090; x_wconf 89' lang='lat' dir='ltr'>sic</span> 
     </span>
     <span class='ocr_line' id='line_1_33' title="bbox 278 2110 1586 2161; baseline -0.001 -13"><span class='ocrx_word' id='word_1_275' title='bbox 278 2112 406 2149; x_wconf 82' lang='lat' dir='ltr'>infans</span> <span class='ocrx_word' id='word_1_276' title='bbox 450 2121 540 2161; x_wconf 90' lang='lat' dir='ltr'>post</span> <span class='ocrx_word' id='word_1_277' title='bbox 584 2113 740 2161; x_wconf 86' lang='lat' dir='ltr'>lapsum</span> <span class='ocrx_word' id='word_1_278' title='bbox 785 2112 1042 2149; x_wconf 84' lang='lat' dir='ltr'>obnubilatus</span> <span class='ocrx_word' id='word_1_279' title='bbox 1086 2112 1126 2149; x_wconf 90' lang='lat' dir='ltr'>in</span> <span class='ocrx_word' id='word_1_280' title='bbox 1171 2124 1316 2161; x_wconf 88' lang='lat' dir='ltr'>penam</span> <span class='ocrx_word' id='word_1_281' title='bbox 1363 2110 1517 2159; x_wconf 89' lang='lat' dir='ltr'>peccati</span> <span class='ocrx_word' id='word_1_282' title='bbox 1565 2124 1586 2147; x_wconf 79' lang='lat' dir='ltr'>a</span> 
     </span>
     <span class='ocr_line' id='line_1_34' title="bbox 278 2168 1585 2219; baseline -0.001 -14"><span class='ocrx_word' id='word_1_283' title='bbox 278 2169 428 2207; x_wconf 89' lang='lat' dir='ltr'>noticia</span> <span class='ocrx_word' id='word_1_284' title='bbox 451 2179 487 2207; x_wconf 90' lang='lat' dir='ltr'>et</span> <span class='ocrx_word' id='word_1_285' title='bbox 509 2171 626 2207; x_wconf 84' lang='lat' dir='ltr'>laude</span> <span class='ocrx_word' id='word_1_286' title='bbox 650 2170 721 2207; x_wconf 93' lang='lat' dir='ltr'>Dei</span> <span class='ocrx_word' id='word_1_287' title='bbox 745 2183 864 2219; x_wconf 84' lang='lat' dir='ltr'>quarn</span> <span class='ocrx_word' id='word_1_288' title='bbox 889 2170 930 2206; x_wconf 87' lang='lat' dir='ltr'>in</span> <span class='ocrx_word' id='word_1_289' title='bbox 963 2179 1069 2207; x_wconf 85' lang='lat' dir='ltr'>statu</span> <span class='ocrx_word' id='word_1_290' title='bbox 1102 2169 1335 2206; x_wconf 89' lang='lat' dir='ltr'>innocencie</span> <span class='ocrx_word' id='word_1_291' title='bbox 1369 2168 1585 2213; x_wconf 84' lang='lat' dir='ltr'>habuisset,</span> 
     </span>
     <span class='ocr_line' id='line_1_35' title="bbox 276 2226 1583 2275; baseline -0.001 -11"><span class='ocrx_word' id='word_1_292' title='bbox 276 2230 338 2265; x_wconf 90' lang='lat' dir='ltr'>vel</span> <span class='ocrx_word' id='word_1_293' title='bbox 364 2227 651 2265; x_wconf 86' lang='lat' dir='ltr'>committendo</span> <span class='ocrx_word' id='word_1_294' title='bbox 683 2229 743 2265; x_wconf 91' lang='lat' dir='ltr'>vel</span> <span class='ocrx_word' id='word_1_295' title='bbox 775 2229 915 2264; x_wconf 82' lang='lat' dir='ltr'>saltem</span> <span class='ocrx_word' id='word_1_296' title='bbox 943 2227 1196 2265; x_wconf 85' lang='lat' dir='ltr'>obmittendo</span> <span class='ocrx_word' id='word_1_297' title='bbox 1220 2235 1360 2275; x_wconf 87' lang='lat' dir='ltr'>peccat</span> <span class='ocrx_word' id='word_1_298' title='bbox 1384 2226 1583 2263; x_wconf 83' lang='lat' dir='ltr'>continue.</span> 
     </span>
     <span class='ocr_line' id='line_1_36' title="bbox 222 2283 1585 2333; baseline -0.001 -11"><span class='ocrx_word' id='word_1_299' title='bbox 222 2288 260 2322; x_wconf 80' lang='lat'>35</span> <span class='ocrx_word' id='word_1_300' title='bbox 278 2286 392 2323; x_wconf 88' lang='lat' dir='ltr'>Unde</span> <span class='ocrx_word' id='word_1_301' title='bbox 435 2285 679 2333; x_wconf 84' lang='lat' dir='ltr'>Augustinus</span> <span class='ocrx_word' id='word_1_302' title='bbox 725 2286 862 2322; x_wconf 90' lang='lat' dir='ltr'>dolens</span> <span class='ocrx_word' id='word_1_303' title='bbox 915 2285 1032 2322; x_wconf 84' lang='lat' dir='ltr'>istam</span> <span class='ocrx_word' id='word_1_304' title='bbox 1085 2285 1363 2322; x_wconf 85' lang='lat' dir='ltr'>necessitatem</span> <span class='ocrx_word' id='word_1_305' title='bbox 1423 2283 1464 2319; x_wconf 89' lang='lat' dir='ltr'>in</span> <span class='ocrx_word' id='word_1_306' title='bbox 1509 2284 1585 2321; x_wconf 84' lang='lat' dir='ltr'>fine</span> 
     </span>
     <span class='ocr_line' id='line_1_37' title="bbox 278 2341 1585 2391; baseline -0.002 -12"><span class='ocrx_word' id='word_1_307' title='bbox 278 2342 444 2391; x_wconf 88' lang='lat' dir='ltr'>capituli</span> <span class='ocrx_word' id='word_1_308' title='bbox 476 2343 635 2391; x_wconf 83' lang='lat' dir='ltr'>septimi</span> <span class='ocrx_word' id='word_1_309' title='bbox 668 2343 724 2380; x_wconf 90' lang='lat' dir='ltr'>sic</span> <span class='ocrx_word' id='word_1_310' title='bbox 757 2343 979 2390; x_wconf 84' lang='lat' dir='ltr'>subiungit:</span> <span class='ocrx_word' id='word_1_311' title='bbox 1009 2344 1122 2387; x_wconf 77' lang='lat' dir='ltr'>Quod</span> <span class='ocrx_word' id='word_1_312' title='bbox 1151 2343 1185 2379; x_wconf 85' lang='lat' dir='ltr'>si</span> <span class='ocrx_word' id='word_1_313' title='bbox 1215 2343 1250 2378; x_wconf 90' lang='lat' dir='ltr'>in</span> <span class='ocrx_word' id='word_1_314' title='bbox 1281 2341 1476 2391; x_wconf 82' lang='lat' dir='ltr'>iniquitate</span> <span class='ocrx_word' id='word_1_315' title='bbox 1498 2354 1585 2378; x_wconf 87' lang='lat' dir='ltr'>con-</span> 
     </span>
     <span class='ocr_line' id='line_1_38' title="bbox 277 2399 1588 2450; baseline -0.002 -13"><span class='ocrx_word' id='word_1_316' title='bbox 277 2409 405 2450; x_wconf 83' lang='lat' dir='ltr'>ceptus</span> <span class='ocrx_word' id='word_1_317' title='bbox 437 2413 519 2437; x_wconf 87' lang='lat' dir='ltr'>sum</span> <span class='ocrx_word' id='word_1_318' title='bbox 553 2408 588 2437; x_wconf 86' lang='lat' dir='ltr'>et</span> <span class='ocrx_word' id='word_1_319' title='bbox 619 2401 654 2436; x_wconf 90' lang='lat' dir='ltr'>in</span> <span class='ocrx_word' id='word_1_320' title='bbox 683 2401 853 2450; x_wconf 82' lang='lat' dir='ltr'>peccatis</span> <span class='ocrx_word' id='word_1_321' title='bbox 886 2408 1012 2437; x_wconf 81' lang='lat' dir='ltr'>mater</span> <span class='ocrx_word' id='word_1_322' title='bbox 1044 2413 1126 2436; x_wconf 86' lang='lat' dir='ltr'>mea</span> <span class='ocrx_word' id='word_1_323' title='bbox 1160 2413 1219 2436; x_wconf 87' lang='lat' dir='ltr'>me</span> <span class='ocrx_word' id='word_1_324' title='bbox 1251 2399 1285 2435; x_wconf 84' lang='lat' dir='ltr'>in</span> <span class='ocrx_word' id='word_1_325' title='bbox 1319 2407 1428 2435; x_wconf 87' lang='lat' dir='ltr'>utero</span> <span class='ocrx_word' id='word_1_326' title='bbox 1472 2399 1588 2443; x_wconf 85' lang='lat' dir='ltr'>aluit;</span> 
     </span>
     <span class='ocr_line' id='line_1_39' title="bbox 277 2458 1584 2508; baseline -0.002 -15"><span class='ocrx_word' id='word_1_327' title='bbox 277 2458 340 2494; x_wconf 88' lang='lat' dir='ltr'>ubi</span> <span class='ocrx_word' id='word_1_328' title='bbox 369 2471 438 2495; x_wconf 91' lang='lat' dir='ltr'>oro</span> <span class='ocrx_word' id='word_1_329' title='bbox 472 2466 519 2502; x_wconf 82' lang='lat' dir='ltr'>te,</span> <span class='ocrx_word' id='word_1_330' title='bbox 553 2459 658 2495; x_wconf 89' lang='lat' dir='ltr'>Deus</span> <span class='ocrx_word' id='word_1_331' title='bbox 691 2470 809 2505; x_wconf 81' lang='lat' dir='ltr'>mens,</span> <span class='ocrx_word' id='word_1_332' title='bbox 859 2458 933 2508; x_wconf 80' lang='lat' dir='ltr'>ubi,</span> <span class='ocrx_word' id='word_1_333' title='bbox 966 2458 1145 2504; x_wconf 82' lang='lat' dir='ltr'>Domine,</span> <span class='ocrx_word' id='word_1_334' title='bbox 1190 2470 1263 2507; x_wconf 80' lang='lat' dir='ltr'>ego</span> <span class='ocrx_word' id='word_1_335' title='bbox 1306 2469 1442 2493; x_wconf 78' lang='lat' dir='ltr'>servus</span> <span class='ocrx_word' id='word_1_336' title='bbox 1485 2464 1584 2501; x_wconf 78' lang='lat' dir='ltr'>tuus,</span> 
     </span>
     <span class='ocr_line' id='line_1_40' title="bbox 209 2507 1584 2564; baseline -0.001 -14"><span class='ocrx_word' id='word_1_337' title='bbox 209 2507 237 2538; x_wconf 76' lang='lat' dir='ltr'><strong>K</strong></span> <span class='ocrx_word' id='word_1_338' title='bbox 276 2516 339 2551; x_wconf 89' lang='lat' dir='ltr'>ubi</span> <span class='ocrx_word' id='word_1_339' title='bbox 369 2524 404 2552; x_wconf 88' lang='lat' dir='ltr'>et</span> <span class='ocrx_word' id='word_1_340' title='bbox 435 2517 586 2564; x_wconf 81' lang='lat' dir='ltr'>quando</span> <span class='ocrx_word' id='word_1_341' title='bbox 619 2516 796 2552; x_wconf 82' lang='lat' dir='ltr'>innocens</span> <span class='ocrx_word' id='word_1_342' title='bbox 821 2516 899 2564; x_wconf 85' lang='lat' dir='ltr'>fui.</span> <span class='ocrx_word' id='word_1_343' title='bbox 934 2515 1179 2552; x_wconf 87' lang='lat' dir='ltr'>Conceditur</span> <span class='ocrx_word' id='word_1_344' title='bbox 1202 2514 1319 2562; x_wconf 81' lang='lat' dir='ltr'>igitur</span> <span class='ocrx_word' id='word_1_345' title='bbox 1342 2513 1437 2562; x_wconf 78' lang='lat' dir='ltr'>quia</span> <span class='ocrx_word' id='word_1_346' title='bbox 1459 2513 1584 2550; x_wconf 83' lang='lat' dir='ltr'>fomes</span> 
     </span>
     <span class='ocr_line' id='line_1_41' title="bbox 217 2571 1586 2622; baseline 0 -14"><span class='ocrx_word' id='word_1_347' title='bbox 217 2587 262 2617; x_wconf 88' lang='lat'>40</span> <span class='ocrx_word' id='word_1_348' title='bbox 276 2573 429 2621; x_wconf 90' lang='lat' dir='ltr'>peccati</span> <span class='ocrx_word' id='word_1_349' title='bbox 474 2582 531 2610; x_wconf 86' lang='lat' dir='ltr'>est</span> <span class='ocrx_word' id='word_1_350' title='bbox 574 2586 676 2622; x_wconf 87' lang='lat' dir='ltr'>pena</span> <span class='ocrx_word' id='word_1_351' title='bbox 709 2582 746 2609; x_wconf 89' lang='lat' dir='ltr'>et</span> <span class='ocrx_word' id='word_1_352' title='bbox 777 2586 857 2609; x_wconf 90' lang='lat' dir='ltr'>non</span> <span class='ocrx_word' id='word_1_353' title='bbox 890 2581 1097 2621; x_wconf 85' lang='lat' dir='ltr'>peccatum</span> <span class='ocrx_word' id='word_1_354' title='bbox 1133 2572 1368 2618; x_wconf 81' lang='lat' dir='ltr'>formaliter,</span> <span class='ocrx_word' id='word_1_355' title='bbox 1413 2571 1505 2608; x_wconf 89' lang='lat' dir='ltr'>licet</span> <span class='ocrx_word' id='word_1_356' title='bbox 1538 2573 1586 2608; x_wconf 86' lang='lat' dir='ltr'>de</span> 
     </span>
    </p>
   </div>
   <div class='ocr_carea' id='block_1_3' title="bbox 345 2695 591 2722">
    <p class='ocr_par' dir='ltr' id='par_1_3' title="bbox 345 2695 591 2722">
     <span class='ocr_line' id='line_1_42' title="bbox 345 2695 591 2722; baseline 0 0"><span class='ocrx_word' id='word_1_357' title='bbox 345 2703 364 2722; x_wconf 86' lang='lat'>1.</span> <span class='ocrx_word' id='word_1_358' title='bbox 387 2695 481 2722; x_wconf 86' lang='lat' dir='ltr'>Cod.:</span> <span class='ocrx_word' id='word_1_359' title='bbox 502 2695 591 2722; x_wconf 80' lang='lat' dir='ltr'>sicut.</span> 
     </span>
    </p>
   </div>
   <div class='ocr_carea' id='block_1_4' title="bbox 281 2764 1584 2854">
    <p class='ocr_par' dir='ltr' id='par_1_4' title="bbox 281 2764 1584 2854">
     <span class='ocr_line' id='line_1_43' title="bbox 345 2764 1584 2807; baseline 0 -11"><span class='ocrx_word' id='word_1_360' title='bbox 345 2765 376 2797; x_wconf 86' lang='lat'>6.</span> <span class='ocrx_word' id='word_1_361' title='bbox 409 2765 492 2807; x_wconf 86' lang='lat' dir='ltr'>Cap.</span> <span class='ocrx_word' id='word_1_362' title='bbox 525 2766 674 2798; x_wconf 78' lang='lat' dir='ltr'>CXLVI.</span> <span class='ocrx_word' id='word_1_363' title='bbox 780 2765 811 2797; x_wconf 88' lang='lat'>8.</span> <span class='ocrx_word' id='word_1_364' title='bbox 850 2765 989 2797; x_wconf 80' lang='lat' dir='ltr'>Archid.</span> <span class='ocrx_word' id='word_1_365' title='bbox 1027 2765 1069 2797; x_wconf 80' lang='lat' dir='ltr'>ad</span> <span class='ocrx_word' id='word_1_366' title='bbox 1107 2765 1198 2797; x_wconf 87' lang='lat' dir='ltr'>hunc</span> <span class='ocrx_word' id='word_1_367' title='bbox 1235 2765 1350 2797; x_wconf 78' lang='lat' dir='ltr'>locum</span> <span class='ocrx_word' id='word_1_368' title='bbox 1390 2775 1467 2807; x_wconf 84' lang='lat' dir='ltr'>pag.</span> <span class='ocrx_word' id='word_1_369' title='bbox 1505 2764 1584 2804; x_wconf 80' lang='lat'>408.</span> 
     </span>
     <span class='ocr_line' id='line_1_44' title="bbox 281 2811 796 2854; baseline 0.006 -12"><span class='ocrx_word' id='word_1_370' title='bbox 281 2822 328 2852; x_wconf 84' lang='lat'>14.</span> <span class='ocrx_word' id='word_1_371' title='bbox 357 2811 450 2853; x_wconf 89' lang='lat' dir='ltr'><strong>Opp.</strong></span> <span class='ocrx_word' id='word_1_372' title='bbox 476 2818 560 2845; x_wconf 86' lang='lat' dir='ltr'>torn.</span> <span class='ocrx_word' id='word_1_373' title='bbox 589 2813 610 2852; x_wconf 85' lang='lat'>1,</span> <span class='ocrx_word' id='word_1_374' title='bbox 637 2822 714 2854; x_wconf 82' lang='lat' dir='ltr'>pag.</span> <span class='ocrx_word' id='word_1_375' title='bbox 743 2813 796 2853; x_wconf 80' lang='lat'>73.</span> 
     </span>
    </p>
   </div>
  </div>
 </body>
</html>
