2050 3292
262 226 351 254 CAP.
372 215 499 273 xxm]
722 228 858 260 LtssER
883 227 1094 259 TER‘rms.

263 337 390 371 Deum
435 334 562 382 ipsam
608 334 762 382 exequi;
807 332 923 369 aliter
966 332 1071 369 enim
1121 331 1319 379 superflue
1363 331 1569 367 ordinaret

263 393 370 429 illam
417 390 725 440 punibilitatem.
779 392 826 426 Et
873 390 1000 426 minor
1032 397 1141 437 patet
1173 401 1217 425 ex
1249 400 1294 425 eo
1328 390 1433 437 quod
1466 391 1569 423 Deus

264 451 363 486 foret
386 448 591 498 culpabilis
616 448 916 484 contraveniens
939 447 1016 495 legi
1039 447 1212 496 proprie,
1242 446 1273 482 si
1297 447 1414 482 debet
1436 445 1569 493 puniri

264 515 469 555 peccatum
506 515 543 543 et
575 519 656 542 non
688 505 812 554 punit.

231 569 246 601 5
321 567 431 612 Item,
475 567 581 600 Deus
626 577 706 600 non
750 571 879 611 potest
922 562 1106 599 omittere
1149 570 1315 610 peccato
1358 560 1570 608 supposito

263 623 401 669 punire
444 623 571 669 ipsum
617 633 720 669 pena
765 620 987 667 essenciali,
1032 629 1075 656 ut
1114 627 1221 666 patet
1254 620 1301 655 III
1336 621 1392 654 De
1426 618 1571 654 Libero

261 679 437 716 Arbitrio
470 680 602 725 XXIV,
637 691 726 715 cum
761 687 854 714 tunc
886 678 1071 714 deficeret
1103 677 1225 713 homo
1258 688 1280 712 a
1302 675 1374 712 Dei
1407 676 1571 712 servicio

263 737 345 773 sine
379 738 574 784 dampno;
622 749 711 772 cum
744 736 863 784 igitur
895 743 1007 772 tanta
1046 734 1095 771 sit
1127 733 1287 770 iusticia
1317 734 1356 768 in
1387 733 1572 769 illacione

262 806 363 842 pene
394 806 531 830 sensus
574 794 654 831 sive
698 802 735 830 et
766 806 867 842 pene
900 792 1064 841 dampni
1110 803 1146 828 et
1178 794 1282 827 Deus
1315 799 1397 827 tam
1431 799 1571 838 potens

210 867 247 888 10
263 864 333 900 per
376 864 417 888 se
439 852 569 900 ipsum
606 851 762 895 inferre,
795 852 949 888 videtur
971 852 1079 898 quod
1102 851 1337 886 necessitate
1361 861 1403 885 ex
1426 861 1572 896 suppo—

263 909 412 946 sicione
457 911 504 946 sit
535 922 637 958 pena
669 922 806 946 sensus
838 907 1104 956 infringibilis,
1150 915 1345 955 quantum
1392 905 1574 942 contrivit

262 980 334 1015 pro
367 976 545 1014 peccato.
579 967 689 1004 Sicut
721 967 840 1015 igitur
862 965 1117 1003 deliberative
1149 977 1318 1013 peccans
1342 976 1423 1000 non
1445 971 1575 1011 potest

262 1026 408 1061 habere
439 1025 593 1062 veniam
626 1024 702 1061 nisi
734 1024 915 1073 penitens
949 1030 1191 1069 conteratur,
1225 1022 1279 1058 sic
1313 1021 1485 1057 finaliter
1516 1020 1572 1056 in-

262 1083 442 1131 penitens
474 1096 555 1119 non
588 1090 717 1131 potest
748 1081 879 1119 debite
912 1081 1043 1130 puniri
1076 1093 1146 1129 pro
1190 1080 1257 1116 illo
1290 1087 1456 1127 peccato
1486 1090 1574 1126 per-

210 1145 245 1178 15
262 1149 396 1188 petuo,
449 1140 523 1177 nisi
575 1148 769 1189 perpetuo
826 1141 1049 1176 secundum
1103 1150 1258 1175 sensum
1314 1136 1571 1173 intrinsecum

262 1198 462 1246 puniatur.
516 1200 627 1242 Item,
674 1201 779 1235 Deus
823 1210 905 1234 non
954 1205 1083 1245 potest
1134 1195 1336 1232 dimittere
1389 1193 1570 1230 meritum

263 1256 437 1292 hominis
501 1256 799 1305 inpremiatum,
846 1256 914 1292 sed
954 1268 1027 1303 par
1079 1263 1136 1292 est
1168 1252 1357 1289 iudicium
1391 1253 1440 1288 de
1472 1264 1574 1299 pena

262 1314 532 1362 cuiuscunque
577 1313 743 1362 peccati,
790 1313 908 1361 igitur
951 1325 1023 1349 nec
1067 1320 1276 1360 peccatum
1313 1309 1476 1357 aliquod
1515 1309 1572 1344 in-

262 1372 463 1419 punitum3
517 1371 698 1421 quamvis
751 1371 856 1407 enim
903 1372 1088 1407 doctores
1134 1371 1267 1406 dicant
1318 1369 1427 1416 quod
1470 1369 1574 1403 Deus

205 1444 247 1465 20
262 1431 309 1466 sit
360 1429 526 1477 pronior
583 1431 631 1466 ad
691 1429 971 1477 premiandum
1032 1440 1150 1476 quam
1209 1427 1260 1463 ad
1311 1426 1572 1473 puniendum,

261 1495 395 1524 tamen
438 1500 518 1524 non
564 1496 694 1535 potest
738 1499 821 1523 esse
866 1488 975 1535 quod
1018 1488 1121 1522 Deus
1161 1485 1316 1521 omittat
1359 1484 1406 1519 de
1450 1494 1574 1530 quan-

262 1554 510 1593 tumcunque
551 1544 697 1581 iniuria
735 1544 886 1581 iusticie
926 1544 1290 1592 complementum3
1334 1549 1429 1577 tunc
1472 1539 1573 1576 enim

263 1604 458 1639 excideret
491 1615 513 1639 a
545 1616 615 1639 sua
648 1602 819 1649 iusticia,
862 1614 999 1650 ymmo
1039 1613 1131 1638 cum
1177 1613 1258 1637 non
1293 1598 1342 1635 sit
1374 1597 1575 1634 iniusticia

262 1661 335 1697 nisi
378 1661 446 1697 fiat
488 1669 628 1698 contra
670 1663 808 1707 Deum,
842 1661 890 1696 de
925 1667 1074 1708 quanto
1113 1658 1239 1706 ipsam
1276 1657 1471 1705 ponderat
1505 1656 1572 1691 de-

141 1719 223 1754 226⁶
263 1730 355 1754 core
386 1718 569 1765 vindicte,
608 1718 751 1755 iniuria
785 1730 906 1766 quam
940 1720 1045 1754 Deus
1084 1717 1297 1760 omitteret,
1328 1712 1332 1766 Ι
1360 1726 1441 1750 non
1474 1713 1573 1749 foret

263 1776 417 1814 iniuria.
468 1778 537 1813 Est
580 1776 698 1824 igitur
742 1777 801 1812 lex
834 1775 918 1820 Dei,
965 1775 996 1811 si
1030 1774 1171 1823 aliquis
1206 1781 1380 1810 meretur
1411 1772 1473 1807 vel
1505 1772 1572 1807 de-

264 1842 437 1870 meretur
487 1842 584 1882 aput
627 1836 770 1880 Deum,
823 1831 1232 1882 proporcionabiliter
1284 1831 1334 1867 ad
1388 1828 1572 1865 meritum

264 1891 458 1928 mercedis
490 1892 665 1940 recipiet,
711 1891 803 1940 quia
848 1891 963 1928 aliter
995 1890 1192 1927 Dominus
1224 1889 1327 1925 foret
1359 1887 1571 1934 impotens,

263 1949 411 1986 inscius
446 1951 524 1986 sive
560 1949 789 1996 malivolus;
824 1950 932 1997 quod
957 1957 1152 1996 repugnat
1175 1945 1425 1995 passionibus
1447 1945 1573 1980 Trini-

205 2011 246 2043 30
260 2007 365 2043 tatis.
400 2008 492 2044 Ideo
524 2007 776 2056 impossibiles
820 2016 911 2043 sunt
944 2018 1057 2043 casus
1089 2007 1233 2054 quibus
1271 2003 1432 2052 ponitur
1465 2002 1572 2050 quod

260 2066 367 2101 Deus
399 2065 556 2102 ordinet
588 2077 867 2113 quemcunque
901 2065 941 2100 in
964 2065 1024 2101 via
1046 2063 1282 2100 servientem
1305 2061 1379 2098 sibi
1404 2059 1573 2096 fideliter

261 2130 492 2159 consumate
536 2123 576 2159 in
620 2122 753 2171 gracia
797 2130 989 2170 perpetuo
1034 2119 1331 2169 dampnandum
1367 2127 1405 2154 et
1436 2129 1572 2165 quem-

261 2192 417 2228 cunque
462 2180 730 2217 offendentem
775 2192 900 2229 usque
944 2181 992 2216 ad
1039 2179 1158 2216 finem
1204 2185 1344 2214 contra
1377 2175 1572 2212 iusticiam

260 2239 492 2275 salvandum
538 2247 731 2288 perpetuo
774 2250 846 2286 pro
893 2238 1095 2284 mercede3
1144 2236 1247 2273 sicut
1291 2233 1395 2271 enim
1439 2232 1572 2281 passio

204 2301 243 2334 35
261 2296 441 2344 sequitur
473 2297 525 2333 ad
557 2295 793 2341 subiectum,
827 2295 882 2332 sic
916 2307 1068 2332 merces
1100 2294 1319 2331 secundum
1343 2303 1487 2340 penam
1512 2290 1572 2327 vel

261 2355 454 2401 premium
502 2354 759 2402 consequitur
803 2354 853 2389 ad
886 2352 1071 2389 meritum
1105 2353 1165 2389 vel
1203 2358 1425 2399 peccatum.
1477 2349 1571 2384 Ideo

261 2411 358 2448 alias
391 2412 466 2447 dixi
498 2412 538 2447 in
570 2411 645 2448 ista
681 2410 859 2457 materia,
893 2410 995 2447 sicut
1017 2413 1124 2446 Deus
1148 2420 1309 2446 ornnem
1344 2415 1570 2443 creaturam

261 2469 546 2506 racionabilem
570 2478 702 2517 potest
724 2481 805 2505 non
828 2468 981 2516 punire,
1006 2480 1095 2504 curn
1121 2467 1244 2504 libere
1263 2463 1571 2502 contradictorie

258 2527 384 2574 ipsam
410 2527 524 2575 punit
546 2538 830 2576 quamcunque
854 2525 1038 2574 punierit,
1062 2527 1115 2562 sic
1139 2532 1304 2573 peccato
1326 2524 1365 2558 in
1383 2521 1570 2570 Spiritum

329 2716 358 2738 4.
390 2715 469 2739 nom
503 2714 597 2742 supra
628 2706 724 2734 linea:
757 2706 859 2733 modo.
980 2713 1014 2732 11.
1047 2703 1192 2732 contrivit
1225 2703 1303 2738 (sic).
1343 2702 1437 2730 Cod.:
1471 2702 1572 2729 convii.

262 2742 304 2770 25.
326 2742 420 2770 Cod.:
441 2742 604 2769 amitteret.

329 2823 359 2856 6.
386 2825 433 2856 St.
460 2823 644 2865 Augustini
672 2823 763 2864 Opp.
789 2828 875 2856 torn.
902 2822 926 2864 I,
953 2831 1031 2863 pag.
1057 2820 1134 2864 639.

1775 228 1855 267 557

1607 568 1677 607 God
1699 573 1781 607 must
1803 570 1842 595 do

1660 607 1781 637 Justlce.
