2050 3292
266 218 353 246 CAP.
370 208 510 262 xxvii]
735 217 869 249 LIBER
894 217 1103 248 TERTIUS.

265 328 446 363 Sanctum
489 338 561 362 non
607 324 823 360 remittetur
867 335 932 359 nec
976 323 1012 358 in
1045 323 1115 358 hoc
1145 322 1272 358 seculo
1313 333 1378 356 nec
1411 322 1566 369 futuro.

265 387 313 420 Et
356 384 472 420 istam
517 382 718 419 racionem
764 380 891 427 tangit
936 379 1149 427 Gregorius
1183 381 1232 415 IV
1270 379 1436 426 Dyalog.
1469 379 1565 415 XLI.

264 441 348 478 Nisi
381 441 483 477 enim
519 447 742 476 remaneret
775 437 1007 486 suffragium
1045 436 1314 485 penitencium
1348 436 1387 472 in
1420 436 1567 482 futuro,

265 499 465 547 superflue
499 499 696 534 diceretur
729 498 771 534 ΙΙ.
807 496 987 534 Machab.
1020 496 1099 540 XII,
1134 494 1185 543 46
1225 495 1333 542 quod
1369 501 1500 529 sancta
1535 501 1569 528 et

234 557 430 597 §salubris
462 563 517 592 est
548 555 736 606 cogitacio
764 566 840 604 pro
875 553 1066 602 defunctis
1097 564 1267 588 exorare
1289 559 1371 587 uta
1400 551 1569 600 peccatis

263 615 477 651 solvantur.
528 615 609 649 Nec
651 612 752 648 foret
796 613 899 647 bona
944 609 1160 647 conneccio
1194 609 1487 645 dormiencium
1530 608 1569 644 in

264 671 497 721 purgatorio
530 672 579 707 ad
613 669 810 718 duplicem
837 668 1044 705 ecclesiam
1069 668 1339 716 extremalem,
1373 666 1448 702 nisi
1479 667 1568 702 dor-

265 729 431 766 mientes
464 736 627 776 possent
660 727 801 764 mereri
836 726 875 762 in
908 725 1088 774 personis
1110 724 1309 761 viantibus
1333 724 1568 760 continuan-

264 788 368 824 tibus
401 799 500 834 opus
533 798 662 830 suum,
696 793 738 821 ut
772 784 922 820 dictum
958 792 1013 820 est
1045 784 1164 818 XXIII
1189 782 1365 830 capitulo
1388 781 1505 818 huius
1523 782 1567 817 V.

196 842 225 872 H
265 847 350 881 Hoc
394 844 511 892 igitur
542 843 749 891 supposito
780 842 996 878 videndum
1030 849 1085 877 est
1118 842 1166 876 de
1198 852 1379 888 corpore,
1412 840 1501 876 loco
1534 847 1571 875 et

264 902 404 939 ordine
428 900 684 949 expurgandi.
719 902 871 947 Corpus
905 907 1039 935 autem
1072 898 1236 946 ponitur
1257 897 1359 945 ignis
1390 898 1570 933 fumosus

264 960 331 1008 qui
384 961 503 996 habet
554 958 881 995 convenienciam
928 958 977 993 ad
1021 968 1182 992 sensum
1232 955 1433 991 misticum
1482 967 1570 991 cum

263 1017 373 1054 omni
406 1029 548 1065 genere
580 1023 849 1064 peccatorum,
895 1014 1073 1051 ascendit
1106 1026 1196 1050 cum
1229 1014 1414 1061 superbo,
1459 1013 1571 1048 ardet

265 1088 355 1112 cum
400 1075 547 1117 invido,
594 1074 717 1110 ebulit
770 1086 857 1109 cum
911 1073 1117 1116 iracundo,
1171 1080 1278 1107 caret
1329 1070 1570 1118 operacione

211 1140 246 1173 15
263 1134 465 1170 fructuosa
489 1145 579 1169 cum
605 1131 816 1176 accidioso,
843 1129 983 1166 crescit
1007 1129 1295 1177 quantumlibet
1319 1141 1389 1176 per
1411 1127 1570 1176 apposi-

264 1191 421 1228 cionem
449 1188 788 1226 combustibilium
815 1201 904 1224 cum
929 1200 1062 1233 avaro,
1088 1187 1266 1234 pascitur
1288 1185 1572 1222 insaciabiliter

264 1249 389 1285 instar
427 1247 555 1296 gulosi
594 1260 662 1295 per
699 1247 890 1295 pabulum
925 1244 1154 1281 huiusmodi
1186 1243 1382 1290 unctuosi,
1434 1245 1502 1279 sed
1535 1251 1572 1279 et

263 1305 491 1342 inordinate
524 1304 707 1341 accendit
733 1303 936 1352 propriam
969 1302 1171 1339 maliciam
1195 1303 1244 1338 ad
1267 1301 1570 1338 similitudinem

263 1363 473 1411 luxuriosi3
519 1364 628 1399 locus
672 1371 805 1398 autem
850 1361 1011 1409 ponitur
1055 1368 1232 1396 remotus
1265 1372 1286 1396 a
1319 1359 1417 1405 celo,
1463 1360 1572 1407 quod

208 1421 426 1470 2ospiritus
471 1420 682 1457 racionalis
720 1419 955 1456 naturaliter
992 1418 1156 1466 appetit.
1209 1420 1290 1454 Nec
1324 1416 1484 1461 mirum,
1532 1424 1574 1452 ut

264 1479 358 1516 dicit
396 1478 609 1526 Gregorius
648 1478 699 1515 IV
737 1477 1008 1525 Dyalogorum
1042 1476 1090 1511 ΙΙΙ
1136 1477 1183 1511 de
1225 1475 1291 1511 tali
1339 1474 1572 1522 colligancia

264 1537 313 1573 ad
355 1537 485 1573 locum
520 1538 640 1584 quod,
686 1548 775 1571 cum
820 1534 982 1582 spiritus
1015 1542 1198 1570 teneatur
1236 1535 1282 1569 de
1314 1533 1399 1580 lege
1431 1540 1573 1568 nature

145 1598 224 1642 257b
264 1595 304 1631 in
337 1607 405 1631 cor
423 1590 425 1647 Ι
445 1594 608 1642 pusculo
632 1595 740 1642 quod
762 1592 947 1639 vivificat,
982 1592 1089 1640 quod
1112 1592 1159 1628 de
1188 1591 1273 1638 lege
1296 1590 1367 1626 Dei
1391 1598 1573 1626 teneatur

264 1652 332 1688 ubi
356 1652 642 1697 mortificatur3
676 1652 805 1687 forma
827 1662 920 1686 vero
944 1648 1137 1697 puniendi
1167 1648 1329 1696 ponitur
1352 1649 1571 1684 secundum

209 1716 248 1748 25
266 1722 348 1746 esse
392 1709 681 1757 intencionale;
726 1707 826 1756 ignis
861 1707 1074 1744 materialis
1106 1719 1187 1742 non
1226 1715 1356 1754 potest
1395 1718 1572 1742 cremare

264 1767 448 1816 spiritum
493 1767 749 1812 racionalem,
798 1778 885 1802 curn
931 1765 980 1801 sit
1023 1763 1338 1812 incorruptibilis
1384 1763 1572 1811 multipli-

265 1834 389 1870 catus,
424 1838 505 1861 non
537 1833 747 1873 expectans
781 1835 1013 1870 corpoream
1050 1822 1255 1859 accionem
1289 1833 1361 1857 nec
1394 1821 1570 1869 aliquam

265 1882 648 1919 transmutacionem
672 1881 912 1918 abicientem
936 1882 983 1917 de
1007 1893 1077 1916 sua
1100 1879 1344 1928 substancia,
1378 1892 1468 1915 cum
1492 1879 1571 1926 agit

266 1941 483 1978 secundum
531 1953 614 1976 esse
659 1939 925 1975 intencionale
979 1938 1151 1986 speciem
1195 1938 1255 1973 vel
1300 1936 1570 1973 intencionem

210 1999 447 2037 soomnium
500 1998 697 2034 dictarum
751 1996 1044 2044 proprietatum
1097 1994 1199 2043 ignis
1244 2004 1281 2030 et
1325 1994 1477 2030 reducit
1522 1995 1572 2030 ad

267 2056 503 2093 memoriam
549 2068 687 2092 omnes
731 2054 991 2102 operaciones
1037 2054 1176 2089 stultas
1222 2061 1258 2089 et
1288 2054 1372 2088 Deo
1411 2065 1483 2088 suo
1517 2051 1572 2087 in-

266 2122 409 2162 gratas,
444 2126 542 2161 quas
574 2113 614 2149 in
641 2113 703 2149 via
737 2113 941 2160 peccando
975 2111 1167 2157 exercuit3
1203 2119 1239 2146 et
1272 2110 1311 2146 in
1345 2109 1573 2145 huiusmodi

267 2171 523 2219 displicencia
568 2170 717 2208 senciet
761 2182 905 2218 penam
951 2169 1253 2217 quodammodo
1306 2167 1458 2203 infinite
1512 2179 1573 2203 ex-

266 2231 472 2266 cedentem
517 2241 661 2276 penam
708 2239 959 2276 corpoream,
1004 2226 1098 2275 quia
1143 2227 1247 2262 ultra
1286 2238 1446 2261 omnem
1481 2237 1573 2272 pro—

210 2293 248 2326 35
266 2286 499 2336 porcionem
532 2286 774 2322 racionalem
810 2297 886 2333 que
919 2293 976 2321 est
1008 2296 1109 2332 pene
1142 2296 1333 2331 corporee
1366 2284 1415 2319 ad
1439 2282 1572 2329 aliam,

267 2357 342 2393 que
386 2356 489 2392 pena
533 2345 777 2380 subiectatur
820 2342 860 2378 in
905 2342 1094 2390 potencia
1125 2341 1301 2377 volutiva
1335 2350 1372 2376 et
1404 2340 1572 2388 sparsim

266 2402 306 2438 in
339 2402 526 2439 omnibus
557 2401 707 2437 viribus
740 2400 899 2448 spiritus
934 2412 1031 2448 quas
1064 2412 1197 2436 secum
1232 2399 1322 2434 tulit
1346 2411 1367 2434 a
1391 2410 1573 2446 corpore.

266 2462 314 2496 Et
357 2460 431 2496 ista
475 2458 632 2495 videtur
675 2458 878 2495 sentencia
923 2457 1135 2505 Augustini
1168 2458 1233 2492 XII
1279 2469 1397 2504 super
1436 2457 1574 2494 GeneS.

267 2519 317 2554 ad
340 2517 514 2554 litteram
535 2546 543 2555 .
569 2545 575 2552 .
601 2545 610 2554 .
635 2515 802 2552 dicentis
826 2517 936 2564 quod
959 2528 1100 2564 corpus
1122 2527 1194 2550 non
1217 2515 1302 2565 agit
1323 2514 1359 2550 in
1382 2514 1574 2562 spiritum,

207 2590 251 2620 40
266 2576 354 2624 quia
375 2574 616 2626 generaliter
633 2586 754 2624 agens
776 2581 831 2610 est
848 2573 1093 2622 prestancius
1110 2572 1298 2622 paciente,
1322 2572 1390 2608 sed
1413 2571 1574 2619 spiritus

335 2696 381 2732 39.
401 2696 445 2724 ad
463 2697 603 2729 lt'teram‚·
623 2695 761 2731 sequitur
781 2695 890 2722 lacuna
909 2696 988 2730 (cap.
1009 2694 1102 2728 XVI).

337 2780 366 2803 2.
393 2769 483 2811 Opp.
510 2776 594 2801 torn.
623 2769 661 2812 ΙΙ,
695 2768 772 2809 445.
870 2777 922 2800 21.
950 2767 1041 2809 Opp.
1059 2773 1144 2798 tom.
1163 2767 1201 2805 II,
1230 2767 1305 2808 373.
1404 2767 1455 2809 39.
1483 2766 1574 2807 Opp.

265 2822 349 2847 tom.
377 2816 430 2858 ΙΙΙ,
458 2826 490 2856 p.
521 2814 596 2858 308,
625 2823 700 2855 311.

1620 844 1822 880 Corporeally

1598 884 1763 915 purgatory
1782 880 1808 907 is
1829 888 1845 907 a

1627 915 1736 950 smoky
1756 914 1818 942 fire.

1633 1711 1657 1738 It
1678 1712 1703 1738 is
1724 1716 1776 1738 not
1798 1719 1813 1737 a

1611 1746 1748 1773 material
1769 1746 1831 1780 firc,

1604 1781 1652 1808 for
1672 1782 1735 1808 that
1756 1782 1847 1808 could

1599 1820 1651 1843 not
1672 1817 1780 1843 scorch
1801 1816 1850 1842 the

1684 1851 1761 1878 soul.
