2050 3292
268 227 358 255 CAP.
380 216 477 269 XXI]
740 225 875 257 LIBER
901 223 1112 256 TERTIUS.

267 344 304 373 et
348 335 568 372 secundum
614 330 919 369 distinccionem
952 329 1205 378 policiarum‚
1245 329 1294 365 de
1332 328 1476 377 quibus
1508 328 1577 365 1110

267 392 543 440 Politicorurn,
576 399 619 427 ut
652 391 830 427 declarat
862 387 1193 424 Archidiaconus.
1239 387 1287 422 Et
1320 385 1580 423 conformiter

269 452 318 487 ad
362 450 479 486 istam
526 448 761 485 divisionem
807 446 903 495 legis
949 445 1128 493 loquitur
1171 443 1404 480 Aristoteles
1447 443 1579 492 primo

270 507 574 545 Rethoricorum
607 507 700 542 X10:
740 506 838 550 Lex,
871 503 1012 552 inquit,
1046 504 1114 539 hec
1140 503 1321 551 propria,
1354 502 1422 538 hec
1453 509 1578 537 autem

237 571 251 602 5
269 565 493 611 communis,
518 564 607 600 dico
630 572 763 600 autem
783 561 990 610 propriam
1009 561 1225 597 secundum
1247 572 1367 608 quam
1387 559 1579 607 scriptam

271 623 437 660 civiliter
459 622 607 667 vivunt,
632 632 885 657 communem
911 627 1044 656 autem
1069 630 1307 667 quecunque
1329 630 1410 654 non
1433 616 1581 665 scripta

271 688 367 729 aput
398 692 538 716 omnes
569 678 767 715 videatur.
818 678 933 715 Unde
972 676 1072 712 infra
1113 675 1290 723 capitulo
1323 676 1411 711 XV0
1446 670 1579 727 dicia]

148 749 228 787 174²
271 740 379 787 quod
418 739 483 774 Iex
515 737 682 786 propria
722 744 778 772 est
813 735 978 785 singulis
1016 733 1268 770 determinata
1307 734 1359 768 ad
1395 745 1435 769 se
1466 733 1581 782 ipsos,

270 797 349 833 sive
391 795 535 844 scripta
579 795 659 831 sive
702 807 775 830 non
818 793 978 842 scripta,
1024 803 1280 828 communem
1326 799 1459 827 autem
1506 803 1582 839 que

219 855 489 891 1osecundum
534 861 741 898 naturam3
786 852 896 899 quod
939 851 1085 898 probat
1129 861 1173 885 ex
1211 850 1286 885 hoc
1324 849 1434 897 quod
1472 848 1582 885 illam

271 920 409 949 amant
446 922 584 948 omnes
625 909 924 947 consencientes
963 908 1002 943 in
1041 907 1185 955 ipsam.
1224 907 1338 943 Unde
1369 908 1423 942 V0
1457 904 1582 943 Ethic.

272 970 448 1018 capitulo
472 970 561 1004 XIIO
595 969 707 1016 ponit
740 967 940 1015 duplicem
966 964 1239 1001 differenciam
1264 965 1405 1001 harum
1431 965 1582 1012 legum:

271 1027 402 1076 prima
446 1027 554 1075 quod
599 1026 665 1062 lex
708 1033 845 1061 nature
883 1032 937 1060 est
968 1023 1104 1072 ubique
1136 1023 1268 1059 eadem
1307 1023 1410 1072 apud
1441 1034 1583 1068 omnes,

273 1087 339 1122 Iex
370 1097 462 1121 vero
490 1084 656 1133 positiva
690 1083 889 1127 variatum
920 1082 1093 1118 secunda
1123 1080 1218 1128 quia
1250 1080 1317 1116 lex
1348 1088 1486 1116 nature
1513 1092 1587 1128 per

221 1149 257 1181 15
273 1156 312 1180 se
344 1143 497 1179 videtur
528 1149 568 1177 ut
594 1141 826 1191 principium
861 1139 1165 1185 demonstrandi,
1199 1138 1265 1174 lex
1297 1149 1388 1174 vero
1416 1137 1585 1187 positiva

274 1201 426 1237 elicitur
448 1200 638 1249 opinative
660 1211 710 1235 ex
739 1200 825 1249 lege
857 1205 995 1233 nature
1017 1209 1100 1232 cum
1125 1196 1432 1232 circumstanciis
1459 1196 1586 1245 parti-

274 1259 470 1295 cularibus
515 1257 670 1293 racione
714 1268 876 1306 quarum
917 1255 1018 1304 capit
1055 1254 1303 1303 multiplicem
1338 1254 1587 1298 varietatem,-

275 1326 313 1354 et
344 1316 522 1364 sequitur
553 1314 807 1363 opinionem3
841 1315 890 1349 ad
925 1313 1043 1349 istum
1068 1324 1229 1348 sensum
1254 1311 1412 1359 exponit
1433 1311 1586 1348 Aristo-

275 1374 393 1411 telem
427 1382 588 1410 sanctus
619 1373 809 1409 Thomas.

221 1448 261 1470 20
334 1434 388 1467 Ex
422 1431 566 1480 quibus
587 1431 744 1467 videtur
777 1430 885 1478 quod
918 1428 991 1464 iste
1024 1436 1185 1464 sanctus
1216 1428 1427 1475 theologus
1454 1435 1491 1464 et
1514 1427 1586 1463 iste

278 1502 445 1537 magnus
478 1489 740 1537 philosophus
780 1487 847 1535 qui
878 1495 958 1523 tam
994 1488 1133 1522 crebro
1168 1485 1371 1522 inculcant
1404 1485 1516 1522 civile
1550 1494 1587 1521 et

276 1547 443 1584 civiliter
475 1546 701 1583 nescierunt
734 1546 900 1581 fundare
933 1544 1049 1580 istam
1085 1543 1308 1591 arguciam:
1344 1545 1420 1579 Ista
1448 1544 1507 1579 lex
1530 1551 1587 1579 est

276 1605 482 1653 pertinens
516 1604 679 1651 civitati,
713 1616 807 1651 ergo
841 1612 899 1640 est
931 1603 989 1638 lex
1023 1601 1160 1638 civilis.
1213 1603 1314 1637 Nam
1354 1602 1413 1637 lex
1445 1609 1587 1637 nature

276 1662 503 1699 communis
547 1662 657 1699 omni
702 1660 868 1707 homini,
916 1661 1086 1696 maxime
1136 1659 1311 1707 pertinet
1355 1658 1505 1695 civitati
1550 1667 1587 1695 et

219 1727 258 1759 25
275 1730 410 1758 tamen
442 1728 611 1769 uterque
644 1719 850 1766 distinguit
882 1731 971 1755 cum
1007 1717 1225 1754 canonistis
1257 1716 1361 1753 inter
1388 1716 1516 1765 ipsam
1551 1725 1588 1753 et

274 1780 403 1827 legem
443 1778 612 1816 civilem.
662 1777 774 1814 Sicut
807 1789 901 1824 ergo
934 1789 1015 1813 non
1046 1774 1244 1823 sequitur:
1284 1775 1407 1811 homo
1440 1774 1588 1811 creavit

277 1838 486 1879 mundum,
532 1848 626 1884 ergo
672 1834 819 1872 creavit
862 1835 992 1882 ipsum
1038 1833 1283 1883 humanitus,
1328 1833 1383 1869 ita
1415 1845 1498 1869 non
1530 1845 1588 1869 se-

276 1895 430 1943 quitur:
464 1894 537 1930 iste
570 1893 664 1930 civis
698 1892 852 1929 celestis
874 1892 969 1928 vivit
1001 1892 1104 1928 inter
1136 1890 1333 1934 homines,
1368 1903 1462 1939 ergo
1495 1890 1586 1927 civi-

276 1953 377 1999 liter,
403 1952 560 1988 dicente
577 1951 790 1988 Aristotele
814 1950 991 1998 capitulo
1015 1951 1084 1985 IX0
1102 1950 1210 1997 quod
1238 1949 1367 1985 solum
1400 1948 1588 1997 politicus

220 2017 261 2048 30
276 2009 505 2058 operativus
537 2009 631 2046 vivit
670 2008 848 2053 civiliter,
884 2015 1052 2058 propter
1090 2008 1203 2056 quod,
1242 2006 1385 2054 inquit,
1425 2006 1590 2043 civiliter

277 2068 504 2105 conversari
533 2068 601 2104 hos
632 2068 756 2103 solum
790 2066 940 2111 dicunt5
982 2065 1055 2101 soli
1100 2064 1204 2101 enim
1251 2073 1469 2112 operantur
1511 2063 1588 2109 isti,

277 2137 396 2173 super
435 2138 514 2173 quo
553 2124 649 2161 dicit
688 2133 848 2160 sanctus
880 2125 1059 2160 Thomas
1093 2123 1200 2171 quod
1233 2123 1362 2159 solum
1397 2121 1485 2170 ipsi,
1521 2121 1589 2170 qui

160 2187 238 2231 174¹’
277 2183 444 2220 subiecti
476 2191 567 2219 sunt
597 2182 815 2230 prudencie
838 2181 1013 2231 politice,
1047 2193 1123 2228 que
1140 2176 1143 2233 l
1163 2189 1220 2216 est
1244 2180 1350 2216 circa
1372 2179 1590 2227 singularia

277 2241 499 2289 operabilia
544 2240 772 2276 cuiusmodi
816 2248 908 2275 sunt
959 2247 1197 2287 exequentes
1248 2239 1354 2286 leges
1402 2237 1590 2286 positivas

220 2304 260 2336 35
278 2299 416 2335 dicunt
450 2298 676 2335 conversari
709 2297 890 2334 civiliter.

212 2363 238 2393 F
338 2357 450 2393 Unde
471 2357 526 2392 X0
550 2355 727 2393 Ethicor.
751 2356 858 2391 V1110
883 2354 1059 2402 capitulo
1092 2353 1340 2401 distinguens
1372 2352 1476 2390 inter
1507 2353 1590 2389 feli-

200 2411 202 2414 *
278 2414 438 2451 citatem
472 2413 679 2462 politicam
712 2413 772 2449 vel
813 2412 1032 2460 practicam
1074 2420 1111 2448 et
1144 2411 1376 2448 felicitatem
1411 2411 1590 2459 specula-

348 2580 377 2605 4.
397 2572 484 2600 Reth.
505 2571 549 2598 XI
565 2571 644 2605 (sic).
730 2578 759 2605 9.
779 2575 893 2597 autem.
913 2570 1123 2609 Addet-dico.
1209 2570 1365 2609 15.·Cod.:
1383 2570 1543 2606 principia
1559 2581 1590 2593 =

275 2607 363 2643 p'rza.
435 2606 475 2634 18.
494 2614 624 2633 sensum.
645 2605 750 2633 Adde:
771 2613 869 2641 quem.
941 2612 982 2632 21.
1002 2605 1100 2632 czvzle.
1120 2604 1227 2632 Adde:
1249 2613 1306 2632 tus.

350 2699 380 2722 2.
405 2691 428 2722 1.
454 2700 481 2722 c.
509 2691 585 2721 dist.
611 2690 649 2722 II.
760 2699 792 2728 4.
821 2688 871 2721 Cf.
898 2688 1082 2720 Rhetorica
1114 2689 1156 2720 ad
1190 2689 1439 2732 Alexandrum,
1472 2698 1544 2730 cap.
1578 2688 1590 2719 Ι

279 2744 312 2769 et
336 2737 541 2769 Rhetorices
567 2736 589 2781 I,
617 2746 690 2777 cap.
717 2736 789 2766 XV.
861 2736 909 2768 13.
936 2736 1039 2767 Arist.
1064 2734 1143 2768 Eth.
1171 2735 1306 2767 Nicom.
1324 2736 1366 2778 V,
1393 2745 1466 2776 cap.
1485 2736 1526 2767 V.
1547 2733 1590 2776 (ἓ)

280 2793 332 2827 29.
361 2783 413 2814 Cf.
440 2783 581 2815 Aristot.
615 2781 715 2813 Polit.
743 2782 797 2825 IV,
831 2791 905 2823 cap.
937 2782 948 2812 Ι
983 2788 1015 2813 et
1046 2791 1150 2824 saepe
1177 2781 1273 2815 alias.
1348 2780 1400 2814 36.
1420 2780 1497 2812 Eth.
1518 2781 1590 2812 Nic.

278 2830 299 2862 l.
326 2830 367 2872 X,
394 2839 465 2871 cap.
492 2828 568 2860 VIII
593 2828 727 2870 loosely
755 2828 895 2869 quoted.

1782 223 1859 261 431
