2050 3292
222 544 236 575 5

135 658 215 700 241b

201 844 237 864 10

201 1121 236 1152 15

197 1419 238 1440 20

137 1989 213 2025 241⁹

197 2274 235 2305 ‘35

195 2572 238 2601 40

254 203 341 231 ew.
364 192 473 248 xxxa]
716 203 848 234 [infin
875 202 1084 235 TERTIUS.

254 310 484 358 simpliciter
531 308 694 354 absolvi,
749 321 837 345 cum
884 315 1013 355 potest
1059 320 1142 344 esse
1186 309 1479 356 predestinatus
1525 320 1562 347 et

254 368 540 416 predestinatus
573 375 700 414 potest
734 378 817 402 esse
840 367 1043 413 prescitus,
1077 379 1165 401 cum
1190 368 1265 402 sint
1288 367 1561 415 contingenter

255 425 481 462 huiusmodi
528 427 595 460 sed
640 437 719 460 non
764 423 987 459 accidenter
1031 425 1231 471 loquendo
1273 426 1320 460 de
1353 426 1560 462 accidente

255 483 480 531 separabili.
516 485 562 517 Et
596 490 703 530 patet
732 482 837 529 quod
871 481 1012 516 falsum
1051 482 1277 527 assumitur,
1313 484 1417 530 quod
1441 496 1559 519 omne

254 549 455 589 peccatum
483 540 739 588 predestinati
762 547 818 574 est
842 550 911 585 per
934 551 974 574 se
1007 538 1253 585 remissibile,
1288 552 1377 575 curn
1408 553 1488 576 non
1511 541 1560 576 sit

255 597 488 635 remissibile
531 597 605 633 nisi
650 609 719 645 per
764 595 956 641 accidens,
1002 595 1174 643 qualiter
1213 604 1292 632 tam
1327 596 1556 649 peccatum}

254 657 410 704 presciti
443 667 561 703 quam
608 662 811 702 peccatum
860 653 1119 701 predestinati
1165 655 1309 690 remitti
1342 657 1486 702 poterit
1517 668 1560 691 ex

253 713 385 761 gracia
419 712 585 760 Spiritus
618 711 754 748 Sancti
794 712 919 747 dantis
951 711 1294 758 perseveranciam
1330 713 1487 749 finalem
1522 715 1560 749 in

252 773 370 808 bono.
425 771 501 807 Sed
546 771 774 806 mussitatur
819 781 939 816 quare
973 771 1077 804 Deus
1115 776 1194 804 tam
1235 770 1461 806 differenter
1493 772 1560 807 dat

252 829 331 865 suis
365 830 466 864 hanc
499 827 695 875 graciam3
740 828 788 862 ad
835 825 944 862 cuius
989 825 1236 862 solucionem
1270 829 1372 863 valet
1410 829 1557 864 dictum

252 885 434 934 Apostoli
459 886 568 927 Rom,
593 886 656 931 IX,
682 896 727 922 21
757 884 861 932 quod
893 883 994 919 sicut
1019 883 1159 930 figulus
1192 885 1304 920 habet
1331 893 1558 933 potestatem

254 946 299 980 de
332 945 462 980 eadem
497 955 624 979 massa
653 944 795 991 facere
834 954 946 977 unum
987 953 1054 976 vas
1093 942 1241 977 vineunt
1275 950 1309 978 et
1343 943 1449 978 aliud
1482 944 1559 978 uri-

254 1002 435 1047 nativum,
470 1001 525 1037 sic
548 1001 658 1036 Deus
682 1001 728 1035 de
762 1012 890 1035 massa
922 1008 1025 1034 terre
1058 1008 1093 1034 et
1127 1011 1270 1046 genere
1303 1000 1434 1036 anime
1468 1001 1560 1037 facit

253 1058 547 1106 inculpabiliter
580 1067 616 1094 et
648 1056 944 1094 racionabiliter
977 1056 1075 1092 alios
1115 1056 1217 1092 filios
1251 1058 1359 1104 regni
1394 1066 1429 1094 et
1461 1059 1559 1094 alios

253 1116 529 1164 dampnabiles
574 1115 801 1161 induratos;
847 1115 979 1164 igitur,
1025 1113 1154 1161 inquit
1186 1116 1414 1162 Apostolus,
1451 1128 1558 1164 quem

254 1175 333 1210 vult
371 1175 528 1209 indurat
565 1181 599 1209 et
637 1173 742 1209 cuius
780 1173 859 1207 vult
892 1172 1109 1207 miseretur.
1162 1173 1389 1208 Notandum
1425 1182 1560 1209 tamen

253 1233 359 1280 quod
393 1231 590 1268 neminem
627 1230 682 1267 sic
715 1230 875 1266 indurat
906 1230 944 1265 in
976 1230 1036 1265 via
1069 1229 1168 1265 citra
1196 1239 1406 1277 peccatum
1432 1231 1559 1267 finalis

252 1289 517 1337 inpenitencie
562 1288 656 1336 quin
696 1287 828 1335 posuit
861 1287 900 1323 in
932 1299 1001 1322 sua
1034 1286 1157 1323 libera
1197 1296 1393 1335 potestate
1426 1298 1557 1324 utrum

253 1347 395 1383 salvari
428 1346 598 1383 voluerit
629 1346 688 1382 vel
722 1344 952 1392 dampnari3
998 1357 1090 1380 nam
1135 1345 1416 1392 preordinacio
1461 1348 1560 1382 dura

254 1418 333 1441 non
367 1405 547 1441 absolute
580 1403 803 1453 necessitat,
836 1404 903 1439 sed
937 1402 1172 1438 necessitate
1206 1415 1248 1439 ex
1277 1403 1560 1451 supposicione

254 1476 343 1499 cum
378 1475 456 1510 qua
488 1469 564 1498 stat
596 1461 781 1509 potencia
813 1461 862 1496 ad
896 1460 1143 1507 oppositum3
1187 1469 1223 1496 et
1261 1473 1417 1497 summa
1451 1461 1561 1497 radix

255 1520 503 1556 continencie
537 1528 593 1555 est
625 1519 665 1554 in
697 1519 898 1555 voluntate
931 1517 1061 1554 divina
1096 1517 1206 1554 cuius
1239 1531 1317 1554 non
1353 1527 1410 1555 est
1443 1532 1560 1555 causa

253 1577 417 1613 ulterior
450 1578 672 1626 querenda3
716 1584 989 1612 verumtamen
1022 1575 1145 1611 nichil
1178 1576 1220 1611 fit
1258 1589 1279 1612 a
1313 1579 1395 1612 Deo
1427 1589 1470 1612 ex
1502 1577 1559 1613 in-

255 1635 483 1671 differencia
528 1635 596 1671 sed
629 1646 671 1670 ex
704 1634 865 1670 racione
905 1633 1138 1678 certissima,
1184 1642 1225 1669 ut
1259 1636 1362 1670 Deus
1400 1634 1560 1671 indurat

224 1693 458 1729 'hominem
507 1694 581 1728 hoc
626 1701 682 1729 est
726 1701 863 1739 gravat
911 1704 999 1726 eum
1046 1692 1105 1727 vel
1157 1690 1458 1739 impossibilitat
1510 1694 1558 1728 ad

254 1751 566 1798 resipiscendum
603 1762 645 1786 ex
678 1751 847 1797 peccatis
877 1749 1076 1796 prioribus
1100 1750 1174 1784 hoc
1198 1749 1456 1796 exigentibus,
1490 1750 1557 1786 Illa

254 1817 383 1845 autem
431 1808 650 1853 induracio,
697 1820 786 1843 cum
830 1807 878 1842 sit
922 1808 1023 1842 iusta
1067 1806 1339 1853 difficultacio,
1384 1820 1465 1843 non
1505 1816 1559 1843 est

252 1875 461 1914 peccatum
507 1868 574 1902 sed
613 1878 714 1912 pena
748 1864 899 1912 peccati
934 1874 969 1900 et
1002 1864 1056 1899 sic
1088 1866 1287 1900 neminem
1320 1866 1477 1901 ordinat
1510 1867 1559 1901 ad

253 1936 394 1972 penam
430 1924 488 1960 vel
533 1923 701 1971 gloriam
748 1922 821 1958 nisi
868 1931 1031 1969 propter
1074 1922 1367 1968 perfeccionem
1408 1922 1559 1959 ordinis

253 1981 441 2029 universi3
488 1990 525 2017 et
568 1981 623 2017 sie
666 1980 744 2016 tale
789 1988 845 2015 est
890 1992 1008 2015 causa
1038 1977 1240 2030 {sciencie
1273 1979 1344 2015 Dei
1390 1988 1425 2015 et
1464 1980 1557 2016 illud

253 2040 477 2075 absolutum
512 2038 552 2074 in
581 2037 712 2074 divina
745 2037 916 2073 sciencia
950 2045 1006 2073 est
1039 2037 1121 2072 eius
1156 2049 1274 2073 causa
1307 2045 1344 2072 et
1375 2036 1430 2073 sic
1453 2038 1558 2074 Deus

253 2093 382 2144 prima
427 2109 546 2132 causa
591 2095 785 2135 omnium,
834 2103 875 2130 ut
919 2107 1011 2142 sepe
1051 2094 1227 2142 exposui.
1280 2096 1328 2130 Et
1371 2094 1426 2130 ita
1459 2095 1558 2132 sicut

253 2168 370 2190 nemo
416 2153 488 2190 scit
532 2153 606 2190 nisi
651 2153 712 2189 cui
758 2154 972 2189 revelatum
1019 2161 1075 2188 est
1120 2152 1306 2189 distincte
1344 2161 1476 2188 utrum
1511 2154 1560 2189 sit

253 2212 545 2260 predestinatus
577 2212 637 2247 vel
671 2211 876 2258 prescitus,
921 2210 972 2246 ita
1017 2223 1097 2246 non
1142 2210 1215 2246 scit
1249 2210 1311 2246 hic
1344 2218 1476 2246 utrum
1511 2211 1559 2247 sit

253 2270 483 2317 simpliciter
516 2270 720 2305 absolutus
754 2270 820 2304 sed
854 2281 961 2315 spem
1005 2269 1118 2304 debet
1152 2269 1297 2304 habere
1332 2277 1368 2304 et
1401 2268 1557 2316 signum

254 2328 415 2363 lii-mans
439 2339 547 2374 spem
572 2328 712 2373 talem;
747 2325 903 2373 signum
931 2334 986 2361 est
1010 2326 1039 2361 si
1065 2335 1153 2373 post
1177 2337 1361 2373 soporem
1388 2335 1558 2374 tempta-

254 2385 377 2421 cionis
401 2387 534 2421 redeat
557 2383 781 2432 penitencia
805 2384 1020 2425 fructuosa,
1054 2383 1145 2430 vigil
1171 2383 1478 2419 reminiscencia
1513 2386 1559 2420 de

253 2445 351 2479 liora
396 2442 534 2478 mortis
580 2451 616 2478 et
662 2441 723 2477 die
767 2441 913 2487 iudicii,
961 2450 997 2477 et
1041 2441 1164 2477 tercio
1209 2441 1239 2477 si
1281 2441 1399 2476 habet
1432 2442 1558 2477 zelum

253 2500 406 2537 iusticie
430 2509 467 2536 et
490 2512 697 2548 processus
722 2498 900 2546 prosperi
924 2500 1067 2534 domus
1102 2498 1190 2547 l)ei;
1225 2498 1314 2535 talis
1339 2498 1441 2534 enim
1468 2499 1560 2535 licet

254 2558 455 2606 permittat
488 2571 577 2593 eum
604 2560 707 2592 Deus
732 2558 885 2599 cadere,
919 2569 999 2592 non
1032 2565 1165 2592 tamen
1200 2557 1440 2592 exhereditat
1469 2569 1557 2593 eum

323 2723 362 2748 ις).
377 2714 489 2749 poszct'l.
512 2714 605 2741 Cod.:
625 2716 686 2748 μυί.
760 2713 805 2739 20.
822 2713 982 2740 lmmsm‘m.
1000 2714 1092 2740 (jocis
1114 2703 1222 2747 phBe'fiz
1239 2724 1266 2737 :
1278 2713 1559 2748 pl!ilosophanlem.

328 2797 374 2830 16.
401 2798 502 2828 Rom.
530 2798 582 2839 IX,
615 2796 663 2829 18.

1353 2852 1424 2886 38*

1624 778 1704 813 Why
1729 779 1796 805 (jod

1588 813 1768 840 distributos
1790 814 1836 840 liis

1641 856 1729 882 grace
1750 856 1784 874 so

1629 882 1794 918 variously.

1609 2100 1658 2126 No
1679 2108 1736 2127 one
1758 2108 1812 2127 can

1593 2136 1684 2161 know
1705 2134 1729 2161 is
1747 2135 1782 2161 lie
1803 2135 1827 2162 is

1607 2170 1820 2204 predestinate,

1601 2206 1651 2231 but
1671 2205 1755 2231 there
1777 2213 1826 2231 are

1610 2240 1693 2273 signs
1714 2239 1816 2265 wliicli

1587 2282 1655 2309 may
1677 2274 1744 2308 gire
1765 2273 1827 2300 him

1667 2310 1755 2343 hope.
