2050 3292
245 189 331 217 cm.
352 178 462 234 xxvj}
712 191 845 223 Linea
871 192 1078 224 ‘sicarius
1751 193 1825 224 σοι

245 299 431 347 precessit
476 297 702 333 eternaliter
746 309 904 332 omnem
953 298 1129 345 culpam3
1183 297 1307 334 tercio
1353 298 1444 346 quia
1490 298 1545 334 sic

243 369 345 404 pena
389 355 543 392 infinita
589 364 625 391 et
658 354 861 391 beatitudo
896 355 1051 391 infinita
1084 355 1182 391 foret
1220 355 1338 391 simul
1370 357 1545 392 subiecto

244 424 279 451 et
312 427 333 450 a
366 413 451 462 pari
485 412 688 449 beatitudo
723 421 915 460 perpetua
960 421 1272 448 commutaretur
1315 413 1354 448 in
1400 425 1544 460 penam

241 472 301 508 vel
334 472 590 508 commodum
624 470 857 517 temporale,
891 479 926 505 et
952 471 1024 506 hoc
1050 470 1371 506 commutacione
1395 479 1542 517 eterna,

209 531 224 562 5
241 542 376 577 ymmo
399 529 503 564 iuxta
526 529 629 564 hanc
651 527 754 563 viam
781 529 858 563 duo
883 527 1129 564 contradicta
1153 528 1281 564 forent
1306 529 1422 564 simul
1439 541 1542 573 vera,

239 596 281 622 ut
314 595 409 634 puta
442 588 578 622 Petrus
611 593 803 632 perpetuo
835 584 997 633 punitur
1041 594 1077 620 et
1122 585 1203 632 ipse
1238 598 1318 621 non
1352 595 1544 633 perpetuo

122 644 202 687 243³
240 646 420 692 punitur,
466 655 539 680 nec
571 643 673 679 valet
705 644 878 679 secunda
906 643 910 689 Ι
941 642 1084 679 ficticia
1123 656 1199 690 qua
1238 644 1392 689 dicitur,
1438 645 1543 692 quod

238 715 317 738 non
352 702 479 737 solum
514 713 615 748 pena
648 709 840 748 perpetua
873 699 1071 748 possibilis
1105 702 1171 736 sed
1205 713 1306 748 pena
1351 710 1544 749 perpetua

239 761 285 795 de
317 761 398 795 iure
432 758 564 795 debita
597 766 868 794 commutatur
899 759 937 793 in
961 770 1101 806 penam
1131 758 1415 806 temporalem,
1450 771 1542 795 nam

187 817 305 853 ioilla
350 829 451 864 pena
497 824 687 864 perpetua
733 815 865 851 debita
898 828 976 851 non
1011 815 1079 851 fuit
1112 815 1171 851 vel
1204 815 1295 863 erit,
1342 816 1431 852 ideo
1464 829 1543 852 non

238 874 375 922 pocius
409 883 465 910 est
498 873 666 909 dicenda
700 882 891 921 perpetua
925 886 1042 921 quam
1077 873 1377 921 qualiscunque.

295 931 497 978 Similiter,
532 931 561 967 si
602 934 634 967 A
668 943 769 978 pena
803 940 991 978 perpetua
1031 931 1078 966 de
1111 931 1193 967 iure
1228 932 1393 967 debetur
1426 940 1461 967 et
1496 933 1542 967 de

236 989 320 1025 iure
364 988 518 1037 pociori
561 1001 641 1025 non
686 990 861 1033 debetur,
907 1000 1002 1036 ergo
1047 989 1123 1024 duo
1165 989 1412 1025 contradicta
1451 999 1541 1024 sunt

236 1046 366 1083 debita
401 1055 437 1082 et
470 1046 524 1082 sic
556 1047 670 1082 iusta.
717 1045 846 1082 Minor
878 1048 1070 1093 probatur
1105 1059 1146 1081 ex
1180 1047 1268 1091 hoc,
1303 1047 1409 1094 quod
1436 1049 1540 1082 Deus

184 1108 217 1139 15
235 1104 462 1141 eternaliter
507 1103 748 1139 determinat
793 1105 898 1151 quod
930 1105 961 1138 A
1008 1116 1087 1139 non
1131 1103 1223 1139 insit
1255 1105 1372 1139 Petro
1406 1112 1442 1139 et
1474 1117 1541 1151 per

235 1174 482 1210 consequens
527 1161 672 1197 iustum
719 1170 755 1197 et
801 1161 977 1196 debitum
1013 1170 1068 1196 est
1102 1162 1208 1208 quod
1240 1174 1320 1197 non
1354 1161 1458 1211 insit,
1507 1171 1542 1198 et

233 1220 287 1256 sic
320 1233 399 1256 non
432 1220 608 1267 debetur,
641 1231 727 1254 cum
764 1230 883 1254 nemo
916 1220 1032 1254 debet
1065 1231 1109 1254 ea
1142 1218 1286 1265 puniri.
1320 1221 1406 1255 Non
1436 1219 1539 1254 enim

232 1277 425 1326 sequitur:
461 1278 490 1313 si
524 1278 661 1312 Petrus
695 1277 855 1312 deberet
889 1288 933 1312 ea
966 1276 1111 1325 puniri,
1145 1276 1216 1311 nisi
1250 1278 1354 1312 Deus
1389 1276 1539 1312 miseri-

232 1335 401 1371 corditer
445 1343 577 1382 ageret
621 1346 708 1370 cum
755 1346 814 1379 eo,
858 1346 950 1381 ergo
983 1333 1068 1381 ipsa
1108 1335 1270 1369 debetur
1302 1335 1368 1370 sed
1403 1335 1538 1381 pocius

178 1393 385 1428 nox-idemi-
430 1391 541 1440 sequi
585 1392 693 1440 quod
727 1393 759 1427 A
803 1404 902 1439 pena
951 1393 1158 1427 deberetur
1202 1391 1277 1427 nisi
1324 1392 1378 1428 sic
1423 1401 1536 1437 esset,

231 1449 323 1498 quia
347 1449 458 1486 aliter
482 1450 656 1498 quelibet
679 1461 780 1497 pena
804 1448 1003 1497 possibilis
1018 1449 1078 1484 vel
1101 1449 1342 1497 inpossibilis
1359 1451 1537 1487 debetur.

288 1508 489 1553 Similiter,
525 1520 612 1543 cum
638 1509 743 1543 Deus
774 1506 999 1543 necessario
1033 1507 1142 1554 punit
1173 1507 1271 1543 citra
1295 1507 1535 1555 condignum
1555 1512 1650 1539 God's
1668 1520 1774 1550 mei-cy
1797 1513 1823 1539 ῃ,

230 1566 287 1600 vel
322 1565 647 1609 misericorditer,
691 1565 846 1601 videtur
890 1565 997 1612 quod
1032 1564 1191 1600 cuilibet
1230 1565 1446 1612 dampnato
1481 1565 1537 1600 di·
1600 1548 1778 1582 p¹¹¹¹¹⁸h¹¹¹g⁴

231 1623 350 1659 mittit
384 1635 527 1671 penam
556 1622 751 1658 infinitam
777 1630 1062 1659 commutatam
1089 1624 1127 1657 in
1152 1634 1294 1670 penam
1322 1622 1537 1661 miciorem.

173 1683 317 1717 25N0n
362 1680 464 1716 enim
508 1680 676 1716 stabitur
722 1681 759 1715 in
804 1681 929 1728 gradu
975 1680 1087 1716 sinito
1121 1681 1151 1715 A
1186 1692 1286 1728 pene
1325 1681 1371 1716 de
1405 1680 1537 1728 rigore

230 1738 324 1773 iuris
369 1738 512 1787 debite,
557 1738 650 1785 quia
695 1747 823 1774 stante
869 1737 1176 1773 conservacione
1221 1738 1349 1785 puniti
1385 1738 1536 1774 miseri—

231 1795 404 1832 corditer
436 1795 658 1843 punitetur,
694 1804 730 1831 et
762 1796 816 1831 sic
850 1795 949 1831 citra
983 1795 1225 1842 condignum
1262 1804 1301 1831 ut
1323 1796 1535 1832 adversarii

229 1854 415 1889 locuntur
460 1862 496 1889 et
540 1853 569 1888 si
605 1852 880 1897 adnichilans,
926 1861 1052 1889 cessat
1091 1853 1252 1901 punicio
1298 1855 1389 1901 quia
1434 1865 1535 1901 pena

228 1910 287 1947 vel
312 1911 419 1947 aliud
446 1910 590 1947 iustum
627 1923 705 1947 non
738 1911 927 1946 fundatur
959 1910 998 1946 in
1020 1910 1190 1958 nichilo;
1224 1911 1535 1947 innumerabiles

173 1974 319 2006 Sosunt
362 1969 459 2004 tales
504 1969 767 2005 deducciones
812 1970 1060 2004 destruentes
1093 1969 1194 2005 hanc
1226 1968 1412 2017 logicam,
1459 1981 1534 2017 que

111 2033 192 2071 244²·
229 2028 279 2062 ad
312 2026 395 2063 blas
423 2023 428 2078 Ι
457 2026 599 2074 pheme
646 2026 981 2074 magnificandum
1027 2034 1265 2074 potestatem
1299 2026 1531 2074 pontificum

230 2081 404 2120 creditur
448 2083 747 2120 infundabiliter
791 2084 1038 2131 introducta3
1084 2097 1177 2121 nam
1210 2084 1333 2120 virtus
1378 2084 1535 2120 infinita

228 2154 307 2178 non
341 2141 538 2178 sufficeret
570 2141 624 2178 sic
658 2150 811 2178 mutare
855 2154 998 2189 penam
1044 2151 1277 2190 perpetuam
1317 2143 1355 2178 in
1390 2155 1533 2190 penam

228 2200 505 2247 temporalem,

173 2261 212 2293 35
288 2259 341 2293 Ex
364 2256 447 2292 istis
471 2256 593 2292 tercio
616 2257 808 2305 sequitur,
843 2257 949 2305 quod
973 2257 1095 2293 nichil
1117 2257 1289 2293 factibile
1313 2265 1368 2294 est
1391 2257 1534 2293 iustum
1557 2262 1695 2301 Nothing
1715 2263 1740 2290 is
1761 2263 1819 2290 due

229 2315 288 2351 vel
333 2315 508 2350 debitum
553 2314 628 2350 nisi
674 2316 779 2363 quod
825 2323 961 2351 eterno
995 2315 1066 2351 Dei
1111 2315 1277 2351 consilio
1312 2315 1534 2362 disponitur
1565 2302 1806 2368 ζρζῇῗθῖζῗῆξῖ

186 2411 190 2414 ,
230 2384 313 2408 esse
363 2373 530 2420 iustum;
584 2374 689 2408 Deus
741 2373 843 2409 enirn
896 2371 1119 2409 necessario
1167 2373 1214 2408 de
1262 2367 1673 2421 cuiuset1nque⁶0ffl³⁵e¹
1696 2367 1823 2395 or'God.

230 2429 562 2466 contradiccionis
594 2430 717 2466 altera
751 2429 898 2478 cogitat
931 2430 1144 2466 efficaciter
1175 2429 1371 2466 iusticiam
1399 2439 1434 2466 et
1457 2443 1536 2467 non

230 2488 278 2524 de
321 2496 501 2536 utroque,
547 2486 641 2535 quia
684 2495 776 2523 tunc
821 2489 1002 2535 desperet
1046 2487 1170 2535 ipsum
1214 2500 1296 2524 esse
1330 2500 1463 2524 verum
1499 2497 1536 2524 et

170 2560 214 2590 40
230 2546 391 2590 bonum,
427 2557 472 2581 eo
506 2546 610 2593 quod
645 2545 869 2593 disponeret
901 2545 1026 2592 ipsum
1060 2557 1142 2581 esse
1165 2544 1322 2583 iustum.
1357 2548 1403 2582 Et
1427 2554 1536 2593 patet

230 2602 333 2650 quod
377 2603 527 2638 nullum
574 2603 784 2650 prescitum
832 2610 888 2639 est
932 2602 1076 2638 iustum
1124 2614 1206 2639 esse
1252 2603 1374 2639 filium
1411 2603 1532 2650 regni,

299 2758 322 2786 Β.
345 2759 438 2786 Coti:
461 2763 668 2786 commulnrel.
743 2769 767 2795 7.
789 2760 883 2787 Cod:
910 2761 1044 2787 secunda
1066 2760 1208 2795 efficacia
1225 2760 1367 2794 μ11’(“Ιιίἰ“ιι,·
1392 2760 1535 2795 eslz'cart'a

231 2802 322 2829 supra
343 2795 394 2821 lm.
417 2796 452 2821 al.
476 2803 555 2821 man.
628 2797 671 2822 35.
691 2795 811 2827 altera,¹
830 2796 869 2822 ita
891 2795 959 2821 cod.
