2050 3292
261 202 349 229 CAP.
368 194 510 245 xxva]
736 202 871 234 LIBER
896 202 1106 234 TERTIUS.

260 310 490 359 fornicator
521 316 585 344 aut
617 309 822 344 inmundus
853 315 919 343 aut
950 320 1095 344 avarus
1128 308 1229 356 quod
1266 315 1321 343 est
1347 308 1570 358 ydolorum

259 368 423 404 servitus
460 379 533 403 non
570 367 682 403 hahet
717 366 966 402 hereditatem
1012 366 1048 401 in
1083 378 1206 416 regno
1244 365 1389 401 Christi
1417 372 1452 401 et
1484 365 1571 401 Dei.

262 427 309 461 Et
340 425 469 473 prima
501 437 592 472 pars
626 423 821 471 assumpti
854 435 898 459 ex
930 423 1006 459 hoc
1035 423 1177 468 evidet,
1211 423 1318 470 quod
1351 421 1483 458 omnis
1516 422 1572 458 sic

261 490 407 519 testans
430 495 510 518 non
532 481 650 530 gratis
673 482 741 517 dat
763 493 835 529 pro
859 492 997 518 amore
1015 480 1100 526 Dei,
1125 481 1195 516 sed
1218 488 1329 516 tanta
1353 479 1572 516 affeccione

137 546 217 579 255⁹
262 542 446 576 datorum
481 539 702 587 percutitur
734 540 842 587 quod
874 538 1189 575 convalescendo
1212 538 1297 574 vult
1329 550 1399 574 sua
1427 533 1432 588 Ι
1461 549 1573 585 repe—

261 607 343 634 tere
383 606 420 634 et
459 597 514 633 sic
547 596 898 645 quocienscunque
935 604 1025 644 post
1057 594 1319 631 testacionem
1353 595 1573 633 convaleat.

196 662 222 693 C
320 658 374 691 Ex
418 667 495 703 quo
527 654 684 691 videtur
727 656 835 702 quod
881 666 926 690 ea
969 653 1197 690 intencione
1240 661 1277 689 et
1309 651 1473 689 racione
1506 653 1574 689 dat

260 713 389 760 legata
433 713 541 760 quod
585 725 666 748 non
711 720 842 759 potest
885 711 952 748 illa
995 710 1096 747 datis
1129 709 1290 759 paribus
1329 709 1369 746 in
1402 722 1574 758 persona

261 769 424 819 propria
457 769 673 818 possidere.

209 845 246 866 10
319 830 374 863 Ex
416 840 496 875 quo
529 835 637 875 patet
669 827 777 874 quod
810 834 971 871 testans,
1004 826 1036 862 si
1069 834 1260 874 perpetue
1292 825 1443 862 viveret
1484 837 1573 862 cum

261 886 338 922 isto
372 898 510 922 amore
542 884 844 933 temporalium,
877 896 1085 931 nunquam
1119 883 1205 931 ipsa
1237 882 1277 919 in
1311 882 1572 919 elemosinam

265 946 347 979 Deo
381 944 505 981 daret.
539 945 594 978 Ex
626 955 706 990 quo
738 941 895 979 videtur
928 942 1035 990 quod
1068 954 1182 978 amor
1214 941 1384 977 istorum
1417 949 1573 989 tempo-

261 1001 405 1037 ralium
440 1001 711 1048 preponderat
744 999 873 1036 amori
906 1012 1025 1047 quem
1059 999 1148 1035 talis
1181 999 1312 1044 habet,
1348 1007 1390 1034 ut
1422 1007 1575 1035 recreet

263 1060 445 1095 membra
476 1057 637 1106 Christi,
684 1057 777 1105 quia
820 1056 935 1093 aliter
967 1056 1089 1104 gratis
1123 1057 1292 1093 donaret
1324 1055 1573 1103 simpliciter.

209 1117 377 1156 15Addo
416 1128 507 1164 ergo
539 1125 583 1152 ut
614 1115 850 1163 plurimum,
897 1114 991 1163 quia
1045 1114 1158 1150 multi
1201 1113 1258 1150 sic
1300 1121 1490 1150 testantes
1534 1113 1575 1149 in

261 1173 550 1222 temporalibus
594 1173 992 1221 superhabundantes
1035 1185 1117 1208 non
1160 1172 1301 1208 darent
1338 1170 1575 1219 simpliciter

263 1231 407 1279 egenis,
441 1232 565 1268 eciam
600 1230 760 1278 cognita
793 1238 967 1278 egestate
998 1229 1040 1266 in
1072 1229 1241 1266 articulo
1286 1242 1365 1277 quo
1398 1229 1576 1266 condunt

264 1289 494 1325 huiusmodi
545 1297 798 1333 testamenta,
856 1289 924 1324 sed
982 1288 1203 1324 secundum
1255 1299 1394 1323 vocem
1447 1286 1574 1323 sancti

263 1346 514 1395 Evangeliste
558 1349 585 1385 Ι.
624 1347 712 1383 Joh.
752 1347 814 1390 ΙΙΙ,
852 1356 896 1395 17
943 1345 1087 1382 caritas
1131 1345 1208 1381 Dei
1250 1357 1323 1380 non
1367 1351 1494 1381 manet
1538 1345 1574 1380 in

206 1420 248 1442 20
264 1405 426 1449 talibus;
458 1417 539 1441 non
561 1413 726 1452 negatur
749 1412 897 1453 tamen,
930 1403 1026 1451 quin
1058 1403 1150 1439 licet
1174 1401 1378 1439 meritorie
1401 1403 1450 1438 de
1472 1401 1574 1438 iuste

262 1462 455 1511 possessis
499 1462 635 1499 testari
680 1460 903 1510 postposita
948 1460 1122 1497 avaricia
1155 1468 1192 1497 et
1224 1459 1431 1496 assistente
1463 1468 1572 1497 recta

262 1520 491 1557 intencione
523 1519 760 1568 proficiendi
794 1518 973 1556 ecclesie.

320 1580 375 1613 Ex
407 1577 491 1614 istis
522 1577 679 1614 videtur
710 1576 835 1613 tercio
868 1577 990 1624 quod,
1023 1575 1115 1618 licet
1135 1575 1225 1612 talis
1254 1574 1422 1612 testacio
1445 1574 1573 1623 prosit

262 1635 439 1682 ecclesie,
473 1644 609 1672 tamen
632 1644 675 1671 ut
696 1634 915 1683 plurimum
939 1635 1153 1670 conturbat
1174 1633 1302 1681 ipsam
1328 1641 1366 1669 et
1390 1632 1573 1680 dampni-

207 1693 356 1732 25ficat
387 1701 639 1740 testatorem3
684 1692 846 1741 prodest
878 1700 1025 1738 autem,
1071 1704 1159 1728 cum
1198 1691 1414 1727 timentibus
1446 1691 1573 1727 Deum

263 1751 389 1787 omnia
422 1758 681 1800 cooperantur
712 1751 747 1786 in
781 1750 932 1801 bonum,
965 1751 1078 1788 Rom.
1100 1751 1199 1794 VIII,
1233 1749 1300 1786 28.
1348 1750 1396 1784 Et
1427 1747 1572 1784 iterum

263 1821 355 1857 sepe
388 1808 595 1858 contingit,
629 1809 738 1857 quod
771 1809 875 1844 bona
908 1807 1083 1844 defuncti
1105 1806 1215 1855 prius
1238 1805 1574 1843 distribuerentur

262 1866 505 1915 pauperibus
557 1878 638 1902 non
689 1865 974 1902 interveniente
1031 1863 1263 1901 huiusmodi
1320 1871 1574 1904 testamento.

264 1925 393 1961 Causa
414 1926 549 1960 turbat
572 1932 704 1960 autem
729 1923 938 1960 ecclesiam
963 1935 1032 1971 per
1054 1923 1215 1959 fallaces
1237 1930 1572 1958 testamentorum

208 1981 526 2030 3oprobaciones
579 1990 615 2018 et
666 1993 737 2029 per
781 1980 966 2029 palliatas
1010 1982 1208 2017 bonorum
1255 1979 1432 2016 defuncti
1479 1991 1574 2016 con-

263 2039 532 2088 sumpciones‚
585 2051 675 2075 cum
728 2039 769 2075 in
812 2038 971 2086 placitis
1015 2050 1058 2074 ex
1105 2039 1191 2086 lege
1236 2045 1572 2074 testamentorum

264 2097 471 2145 originatis
522 2106 604 2133 tam
658 2109 702 2133 ex
745 2105 859 2144 parte
903 2104 1160 2133 executorum
1206 2108 1327 2144 quarn
1373 2107 1417 2131 ex
1460 2103 1573 2143 parte

262 2155 491 2203 legistarum
519 2163 811 2191 consumuntur
833 2155 940 2191 bona
963 2153 1147 2199 ecclesie;
1182 2162 1220 2190 et
1251 2165 1296 2189 ex
1317 2161 1430 2201 parte
1452 2160 1573 2190 testa-

263 2213 361 2250 toris
405 2222 462 2250 est
507 2225 619 2250 error
664 2212 889 2260 multiplex:
935 2211 1066 2260 primo
1110 2211 1250 2259 palliat
1281 2209 1496 2247 avariciam
1531 2222 1575 2246 ex

208 2275 247 2309 35
264 2272 339 2308 hoc
371 2272 480 2319 quod
513 2269 665 2318 colligit
697 2271 815 2315 bona,
849 2269 951 2306 sicut
984 2269 1097 2317 fingit
1124 2277 1168 2305 ut
1191 2277 1280 2317 post
1303 2276 1474 2305 mortem
1497 2267 1575 2304 sint

138 2330 220 2366 255b
265 2341 337 2377 pro
371 2340 411 2365 se
444 2336 482 2364 et
513 2327 723 2364 animabus
756 2323 1015 2380 amilcorum
1056 2339 1101 2363 ac
1134 2335 1359 2363 ceterorum
1393 2325 1572 2362 fidelium

265 2385 465 2434 copiosius
499 2385 721 2421 distributa.
758 2387 834 2422 Sed
867 2384 999 2433 prima
1031 2383 1236 2421 conclusio
1270 2382 1438 2420 destruit
1467 2383 1574 2420 hunc

266 2456 454 2482 errorem.
488 2442 671 2480 Secundo
704 2443 808 2490 legat
840 2444 945 2479 bona
977 2441 1118 2479 amicis
1151 2441 1376 2479 carnalibus
1406 2448 1443 2477 et
1465 2453 1572 2478 com-

267 2501 438 2538 muniter
461 2500 701 2549 potentibus,
736 2500 804 2549 qui
828 2500 866 2536 in
888 2499 967 2536 vita
999 2500 1160 2536 fuerunt
1190 2498 1288 2536 socii
1316 2498 1356 2535 in
1378 2498 1572 2547 peccatis;

209 2573 251 2604 40
266 2572 356 2596 cum
402 2567 535 2596 autem
578 2567 622 2594 ut
654 2557 711 2594 sic
742 2557 975 2594 iniuriaturn
1009 2566 1067 2594 est
1098 2556 1355 2606 pauperibuS,
1400 2569 1572 2605 quorum

266 2626 357 2653 sunt
408 2618 515 2653 bona
559 2615 804 2660 huiusmodi,
857 2623 966 2663 patet
1013 2615 1184 2663 gravitas
1236 2614 1353 2651 huius
1403 2614 1573 2662 peccati.

265 2674 409 2711 Tercio
443 2673 670 2721 disponitur
701 2685 772 2721 per
803 2672 1043 2721 temporalia
1075 2671 1305 2709 huiusmodi
1334 2671 1374 2708 in
1401 2671 1574 2721 exequiis

267 2731 444 2769 defuncti
487 2739 722 2779 sumptuosa
766 2730 1027 2779 consumpcio
1059 2731 1251 2767 heredum
1285 2741 1483 2767 venenosa
1515 2729 1573 2766 di-

267 2789 393 2836 taci03
437 2802 573 2838 ymmo
617 2797 834 2836 utrumque
877 2789 1101 2837 dampnosa
1132 2789 1330 2825 bonorum
1364 2787 1572 2835 collecci03

1780 193 1860 241 629

1628 1592 1720 1621 Wills
1740 1600 1791 1620 are
1811 1601 1828 1620 a

1646 1635 1755 1655 source
1774 1627 1809 1655 of

1588 1662 1777 1698 quarrelling
1797 1663 1856 1690 and

1674 1702 1779 1725 waste.
