2050 3292
268 232 358 260 CAP.
378 219 509 274 xxiv]
737 230 871 262 LIBER
898 228 1107 261 TERTIUS.

268 346 430 386 propter
476 335 683 373 consilium
725 335 784 371 vel
827 333 1130 381 instigacionem
1176 332 1330 369 abiecte
1376 337 1574 373 creature3

267 397 374 443 quod
407 407 486 431 non
521 394 633 429 fieret
666 405 737 440 pro
771 400 856 428 toto
891 392 1053 437 mundo,
1088 403 1177 427 cum
1212 386 1576 438 proporcionaliter

266 460 425 489 amatur
456 450 649 497 instigans
683 459 725 486 ut
758 449 944 485 obeditur
976 448 1058 485 eius
1092 447 1289 491 consiliis;
1335 460 1415 483 non
1455 445 1576 493 igitur

147 516 229 548 223⁵
266 518 380 546 sonat
397 505 400 562 Ι
418 509 457 545 in
481 509 689 554 honorem,
723 508 790 543 sed
813 506 1177 543 dehonoracionem
1195 505 1267 541 Dei
1291 514 1575 551 contempnere

234 568 396 605 Staliter
440 567 522 602 eius
569 565 733 609 monita,
786 565 877 612 quia
921 563 952 599 si
998 575 1189 611 umquam
1236 575 1350 599 amor
1394 570 1575 598 creature

266 623 503 673 preponitur
526 622 654 659 amori
678 622 762 667 Dei,
798 622 837 657 in
860 621 929 657 tali
954 633 1047 657 casu
1071 619 1319 669 preponitur.
1355 621 1450 656 Item
1468 619 1574 655 iuxta

266 681 552 719 diffinicionem
579 679 724 717 Christi
757 679 880 715 Math.
903 679 966 725 VI,
993 689 1063 727 23:
1097 678 1140 713 Si
1169 679 1301 714 oculus
1333 677 1497 713 hominis
1527 678 1575 713 sit

265 752 439 789 nequam,
473 746 593 775 totum
616 749 755 787 corpus
777 736 940 773 hominis
962 736 1202 772 tenebrosum
1232 743 1300 773 est.
1334 737 1411 771 Sed
1435 735 1574 771 oculus

264 797 320 834 sic
343 798 512 834 scienter
534 794 813 843 postponentis
835 793 907 830 Dei
931 793 1142 830 consilium
1170 801 1227 829 est
1259 802 1353 829 tunc
1387 805 1572 841 nequam,

212 871 249 892 10
265 854 355 903 quia
389 853 522 890 deficit
554 866 576 889 a
609 852 875 901 simplicitate,
921 864 1009 888 cum
1044 850 1230 899 nequicia
1270 860 1306 887 et
1339 850 1572 898 simplicitas

260 912 339 949 sint
370 911 586 948 inmediate
617 910 828 955 contraria,
885 909 1001 957 igitur
1044 908 1169 945 inficit
1211 917 1336 945 totum
1372 908 1570 945 residuum

262 971 427 1006 tenebra
459 977 732 1017 peccatorum,
766 969 886 1004 habet
920 968 1022 1003 enim
1058 966 1147 1003 talis
1171 968 1270 1003 duos
1294 968 1445 1016 oculos,
1480 979 1568 1002 cum

262 1029 381 1064 habet
414 1029 493 1063 duo
526 1026 682 1063 obiecta
726 1025 898 1062 finaliter
931 1026 1207 1070 terminanda,
1252 1024 1401 1061 scilicet
1444 1024 1571 1060 inten-

262 1085 414 1122 cionem
463 1084 730 1121 declinantem
776 1096 798 1119 a
843 1083 1034 1119 mandato
1074 1082 1306 1119 dileccionis
1340 1082 1411 1118 Dei
1445 1090 1481 1118 et
1513 1082 1570 1118 in-

210 1142 490 1180 15tencionem
513 1155 592 1191 qua
615 1144 720 1178 Deus
743 1141 978 1178 naturaliter
1003 1140 1178 1189 diligitur
1199 1153 1318 1187 super
1350 1139 1500 1185 omnia,
1534 1149 1571 1176 et

259 1201 351 1238 talis
385 1200 555 1237 dualitas
578 1200 787 1236 oculorum
811 1199 967 1235 videtur
990 1200 1204 1246 reprobata
1227 1199 1349 1234 Math.
1373 1199 1505 1247 XVIII,
1524 1209 1568 1246 9:

260 1259 397 1295 bonum
442 1267 497 1294 est
541 1258 689 1294 tibiaci
722 1257 837 1292 vitam
871 1257 1021 1293 intrare
1053 1269 1136 1293 cum
1171 1268 1243 1292 uno
1288 1256 1410 1298 oculo,
1454 1268 1568 1305 quam

260 1317 356 1353 duos
388 1316 518 1352 oculos
549 1316 747 1351 habentem
787 1315 886 1350 mitti
916 1315 951 1350 in
990 1314 1186 1350 iehennam
1225 1314 1338 1363 ignis.
1392 1315 1469 1350 Ista
1502 1315 1570 1349 du—

259 1374 415 1422 plicitas
459 1373 565 1410 oculi
596 1373 753 1409 videtur
797 1371 1079 1420 dampnabilis,
1126 1384 1216 1408 cum
1266 1372 1345 1407 duo
1378 1371 1480 1407 radii
1513 1371 1569 1407 in-

205 1447 245 1468 20
258 1432 488 1468 tencionum
525 1430 770 1478 egredientes
804 1443 825 1466 a
856 1431 1061 1467 voluntate
1093 1431 1142 1466 ad
1175 1428 1333 1466 obiecta
1364 1442 1446 1465 non
1479 1431 1568 1466 sub-

259 1491 426 1533 alterna,
462 1497 627 1526 causant
660 1488 848 1536 angulum
884 1497 921 1524 et
953 1487 1158 1524 offendunt
1190 1488 1229 1523 in
1260 1487 1436 1535 primum
1458 1500 1568 1523 man-

260 1549 410 1594 datum,
445 1559 534 1583 cum
558 1546 613 1583 sic
637 1545 811 1582 finaliter
833 1545 1001 1593 diligens
1026 1554 1263 1591 creaturam,
1298 1557 1379 1582 non
1403 1553 1569 1593 propter

259 1607 399 1654 Deum,
431 1604 576 1641 fruitur
607 1603 779 1650 utendis,
812 1603 1069 1640 committens
1098 1603 1287 1640 blasfeme
1309 1602 1567 1650 ydolatriam3

258 1662 347 1700 ideo
391 1675 478 1700 cum
513 1661 610 1698 illud
641 1670 850 1709 peccatum
896 1661 1085 1709 pervertit
1117 1661 1296 1698 ordinem
1330 1661 1478 1698 amoris
1510 1661 1568 1697 in-

203 1725 241 1758 25
259 1720 414 1757 finitum
450 1720 574 1768 magis
606 1719 768 1767 sugibile
800 1732 920 1767 quarn
961 1731 1062 1767 pena
1094 1719 1241 1768 aliqua,
1275 1719 1431 1755 videtur
1462 1721 1568 1768 quod

258 1777 308 1814 sit
341 1778 492 1815 crimen
536 1777 765 1825 extinguens
810 1778 998 1825 graciam,
1044 1790 1134 1813 cum
1180 1778 1311 1813 debita
1346 1777 1415 1813 Dei
1449 1777 1567 1814 dilec-

138 1839 219 1874 223¹³
258 1836 319 1872 cio
383 1831 613 1888 repulgnat
676 1835 838 1871 cuilibet
891 1834 1101 1871 dileccioni
1147 1844 1327 1871 creature
1371 1847 1448 1883 que
1486 1848 1566 1871 non

259 1902 316 1930 est
359 1894 409 1930 ad
452 1894 582 1941 ipsum
629 1892 799 1929 finaliter
832 1892 1095 1940 diligendum3
1141 1894 1301 1941 quando
1340 1893 1444 1930 enim
1479 1893 1566 1941 quis

258 1952 377 1987 habet
420 1951 690 1987 intencionem
725 1951 785 1986 vel
818 1962 941 1998 opera
976 1951 1081 1987 circa
1118 1952 1326 1996 mundum,
1362 1952 1456 1987 dum
1486 1964 1567 1987 non

201 2015 346 2047 3osunt
390 2008 561 2045 finaliter
603 2017 768 2056 propter
813 2010 954 2055 Deum,
999 2008 1157 2045 videtur
1201 2009 1318 2045 michi
1363 2008 1563 2045 Christum

257 2066 461 2102 intendere
494 2067 602 2114 quod
635 2075 726 2102 tunc
761 2067 880 2102 habet
913 2066 1100 2103 infamem
1126 2066 1324 2103 binarium
1355 2067 1564 2103 oculorum

256 2125 316 2160 vel
340 2136 545 2171 manuum,
576 2123 677 2160 sicut
701 2125 848 2160 habent
870 2123 1206 2172 prosperitatibus
1230 2123 1367 2160 mundi
1390 2123 1567 2160 indebite

258 2182 512 2227 adherentes;
545 2181 636 2218 ideo
669 2190 770 2218 esset
807 2182 948 2218 melius
986 2183 1133 2219 habere
1156 2183 1316 2218 oculum
1342 2182 1564 2230 simplicem

257 2238 380 2275 nichil
412 2238 658 2275 intendendo
691 2248 759 2276 aut
791 2239 1003 2290 diligendo,
1036 2239 1110 2276 nisi
1135 2242 1259 2277 Deum
1282 2241 1343 2276 vel
1365 2241 1404 2276 in
1427 2240 1567 2277 ordine

201 2302 239 2335 35
257 2297 474 2345 adipsum,
519 2297 680 2333 eciamsi
724 2296 786 2333 hic
830 2297 925 2334 assit
964 2298 1193 2344 adversitas,
1226 2311 1345 2346 quarn
1380 2299 1566 2335 habendo

257 2355 318 2391 hic
361 2354 632 2391 intencionem
678 2356 903 2402 generalem
949 2357 998 2392 ad
1032 2358 1158 2392 Deum
1206 2365 1243 2392 et
1275 2369 1362 2392 cum
1400 2357 1476 2392 hoc
1509 2356 1565 2392 in-

257 2412 482 2449 tencionem
516 2412 731 2460 specialem
767 2421 804 2449 et
836 2413 994 2450 finalem
1030 2415 1080 2449 acl
1113 2413 1264 2461 aliquid
1298 2413 1397 2450 citra
1420 2413 1564 2461 ipsum,

258 2478 294 2505 et
337 2469 370 2505 si
414 2469 506 2505 inde
551 2469 683 2506 arrisit
728 2470 869 2507 mundi
913 2470 1169 2519 prosperitas.
1220 2473 1268 2507 Et
1307 2471 1378 2508 iste
1410 2471 1566 2508 videtur

257 2539 394 2563 sensus
445 2527 657 2574 Augustini
709 2528 748 2563 in
800 2530 857 2565 De
902 2530 1096 2565 Sermone
1140 2529 1302 2565 Domini
1346 2529 1385 2564 in
1432 2538 1565 2566 monte

197 2584 358 2629 4olibr0
402 2585 437 2620 II
481 2585 657 2632 capitulo
701 2586 802 2624 XIX,
866 2588 914 2622 Et
963 2588 1101 2623 beatus
1146 2587 1360 2634 Gregorius
1403 2588 1564 2623 XXVIII

324 2707 370 2741 26,
392 2714 435 2741 27.
458 2707 553 2736 Cod.:
575 2708 636 2735 Dei
654 2707 830 2736 dileccione.

256 2780 380 2868 90039.
413 2780 503 2822 Opp.
536 2785 618 2812 torn.
650 2781 702 2822 111,
739 2791 769 2823 2,
803 2792 879 2824 pag.
910 2782 986 2817 226.
1097 2794 1153 2825 40.
1186 2785 1277 2827 Opp.
1308 2791 1392 2818 tom.
1425 2786 1449 2828 1,
1486 2797 1564 2829 pag.

1782 222 1862 260 549

1652 779 1699 806 He
1719 779 1789 806 who

1599 814 1734 848 neglects
1755 814 1852 842 God‘s

1613 849 1757 876 counsels
1778 849 1833 876 has

1618 888 1671 910 not
1691 891 1707 911 a
1728 883 1824 919 single

1692 926 1756 953 eye.
