2050 3292
210 228 292 264 620

927 231 983 263 DE
1014 230 1148 263 ClVILl
1176 230 1386 263 Domnulo.
1567 215 1671 269 [car.
1695 222 1803 253 xxvi.

208 351 290 379 Exen
311 351 361 378 the
381 350 484 385 ·1ngels
500 340 617 387 plena
642 337 891 375 medicinalis
914 337 1139 375 satisfaccio
1163 350 1235 386 pio
1260 336 1419 399 delicto,
1453 335 1507 372 sic
1531 337 1635 384 quod
1670 348 1806 372 omnes

213 395 280 414 owe
300 385 379 413 their
400 378 475 412 bliss

313 426 343 447 to
364 420 393 447 it.

239 931 278 957 lis
301 938 404 965 power
425 930 449 956 is

269 967 377 993 shown
398 966 427 992 in

255 1000 435 1035 preserving

243 1036 323 1063 from
345 1036 390 1062 sin
413 1042 446 1061 as

256 1071 321 1097 well
344 1078 376 1097 as
398 1070 426 1097 in

224 1106 349 1140 atoning
370 1107 418 1132 tor
438 1104 470 1131 it

216 2260 282 2288 ilud
305 2260 353 2287 the
375 2260 410 2285 V
404 2268 439 2287 11
432 2259 481 2295 gin

252 2295 321 2321 died
345 2281 448 2322 before

256 2329 359 2357 Chiist
380 2330 433 2357 she

246 2364 346 2390 would
372 2364 448 2391 have

211 2403 272 2426 met
292 2399 355 2426 him
382 2399 411 2426 in
431 2399 482 2426 the

276 2434 423 2469 licavenly

237 2467 379 2503 paradise
399 2467 457 2495 and

217 2502 338 2529 entered
362 2504 475 2530 heaven

265 2537 335 2565 with
359 2538 432 2565 him.

498 396 625 433 sancti
659 396 799 433 salvati
831 395 872 432 in
896 396 993 440 celo,
1027 395 1153 432 eciam
1177 395 1306 443 angeli
1336 394 1404 443 qui
1426 407 1506 431 non
1529 402 1805 442 peccaverant,

496 468 576 491 non
609 454 775 491 fuissent
808 454 864 490 sic
892 453 1032 490 salvati
1065 453 1139 490 nisi
1164 453 1299 490 fuisset
1322 452 1500 489 Christus
1530 464 1682 499 passus.
1715 453 1807 487 Ideo

498 521 693 561 repugnat
726 511 899 560 aliquem
934 520 1185 559 peccatorem
1220 510 1338 547 fuisse
1371 511 1565 546 salvatum
1606 522 1695 545 cum
1730 510 1806 545 hoc

498 571 604 618 quod
647 583 726 606 non
771 569 820 605 sit
866 569 1049 606 meritum
1096 568 1291 616 passionis
1325 567 1485 613 Christi,
1534 567 1656 604 etsie
1691 569 1807 603 beata

498 628 607 675 virgo
659 627 821 664 eciamsi
872 640 953 663 non
1003 635 1206 675 peccasset
1256 626 1395 663 fuisset
1446 626 1654 673 redempta
1707 624 1808 660 sicut

498 698 576 721 non
623 685 803 721 Christus
848 686 908 720 vel
952 685 1130 732 angelus.
1192 683 1414 733 Dupliciter
1459 683 1562 720 enim
1613 681 1808 729 contingit

499 756 710 791 personam
746 742 943 779 redimere
967 756 988 779 a
1012 741 1254 790 captivitate,
1291 742 1439 778 scilicet
1463 741 1671 789 supposito
1696 749 1806 776 reatu

499 803 594 838 dare
637 801 815 850 precium
848 813 896 837 ne
928 800 1117 837 liberatus
1151 799 1189 835 in
1224 800 1455 848 captivitate
1487 799 1617 835 veniat
1652 799 1710 834 vel
1748 810 1806 833 se-

499 860 629 895 cundo
682 859 721 895 in
774 858 1008 907 captivitate
1054 859 1254 894 detentum
1303 857 1585 894 satisfaciendo
1630 857 1677 892 ab
1723 855 1807 903 ipsa

499 917 723 963 extrahere;
757 926 793 952 et
818 917 893 952 hoc
927 915 1093 963 contigit
1126 915 1350 963 dupliciter,
1385 916 1443 951 vel
1475 915 1683 950 liberando
1718 926 1807 961 pec—

498 984 652 1011 catores
699 976 745 1011 de
789 973 945 1010 inferno
992 983 1027 1010 et
1060 982 1224 1022 peccato
1256 974 1315 1010 vel
1348 972 1555 1009 liberando
1589 985 1609 1008 a
1642 980 1807 1019 peccato

497 1041 534 1068 et
568 1033 838 1080 preservando
861 1034 910 1069 ab
943 1032 1110 1077 inferno,
1146 1031 1247 1068 sicut
1279 1030 1353 1067 fuit
1386 1032 1433 1067 de
1466 1029 1643 1078 patribus
1666 1029 1807 1066 veteris

497 1090 728 1127 testamenti
773 1099 810 1126 et
852 1089 967 1126 nobis
1009 1102 1082 1138 pro
1127 1098 1309 1137 ternpore
1354 1088 1506 1136 gracie;
1551 1087 1810 1136 primomodo

497 1148 570 1185 fuit
598 1150 714 1185 beata
737 1147 848 1195 virgo
881 1143 1289 1211 1edemptaleciamsi
1322 1159 1424 1183 non
1437 1145 1671 1194 peccaverit,
1707 1145 1808 1181 sicut

498 1206 633 1243 fuisset
666 1205 858 1254 Baptista,
905 1205 1000 1253 quia
1044 1204 1207 1242 racione
1250 1204 1405 1253 peccati
1449 1203 1508 1241 sui
1545 1203 1699 1251 generis
1738 1203 1811 1238 fuit

498 1263 675 1312 obligata
713 1265 762 1300 ad
811 1276 1012 1300 carcerem
1057 1262 1132 1299 nisi
1176 1262 1433 1299 intervenerit
1476 1261 1699 1298 remedium
1734 1261 1808 1297 Re-

499 1321 733 1370 demptoris.
768 1321 833 1358 Sic
867 1321 971 1357 enim
996 1320 1151 1372 videtur
1173 1322 1281 1368 quod
1314 1329 1479 1369 peccata
1513 1320 1684 1355 maxima
1717 1327 1808 1354 sunt

498 1380 571 1416 sibi
605 1379 781 1426 dimissa,
816 1389 858 1415 ut
890 1379 1046 1416 videtur
1078 1387 1236 1415 sanctos
1268 1378 1432 1415 innuere
1464 1390 1582 1426 super
1614 1377 1681 1413 illo
1714 1378 1807 1412 Luc.

497 1438 577 1483 VII,
623 1448 695 1487 47:
746 1437 818 1473 Cui
858 1437 983 1473 minus
1027 1436 1234 1473 dimittitur
1284 1437 1407 1472 minus
1452 1435 1594 1486 diligit,
1645 1443 1686 1471 ut
1730 1433 1808 1470 dixi

498 1494 679 1543 proximo
713 1495 902 1543 capitulo.
955 1495 1104 1531 Omnes
1138 1494 1242 1531 enim
1283 1495 1459 1531 defectus
1492 1506 1592 1542 quos
1626 1500 1809 1530 creatura

499 1552 770 1601 predestinata
787 1552 999 1601 peccabilis
1022 1561 1155 1601 posset
1171 1552 1435 1597 committere,
1459 1552 1519 1588 vel
1540 1551 1806 1599 extinguendo

499 1610 674 1659 graciam
709 1610 782 1647 sibi
816 1612 951 1647 datam
985 1611 1045 1647 vel
1073 1611 1245 1647 vetando
1278 1622 1327 1646 ne
1359 1611 1530 1646 donetur
1552 1609 1612 1646 vel
1636 1608 1806 1645 ociando

498 1669 536 1705 in
571 1681 740 1706 vacuum
782 1681 871 1705 cum
906 1670 1068 1715 donata,
1109 1667 1253 1713 omnis,
1287 1668 1467 1716 inquam,
1510 1666 1599 1703 talis
1632 1666 1806 1702 defectus

498 1727 572 1763 sibi
618 1726 833 1763 dimittitur
877 1735 913 1763 et
958 1726 1013 1763 sic
1058 1727 1145 1774 plus
1190 1726 1465 1762 dimittebatur
1510 1726 1623 1762 beate
1667 1723 1805 1771 virgini
1848 1727 1858 1758 .”

499 1797 620 1833 quam
654 1785 890 1832 Magdalene
924 1783 1292 1832 proporcionaliter
1333 1793 1376 1820 ut
1409 1783 1482 1819 fuit
1515 1783 1553 1819 in
1587 1781 1807 1819 dileccione

497 1843 557 1879 vel
588 1842 721 1890 gracia
754 1841 954 1890 ampliori.
990 1844 1057 1879 Est
1090 1842 1195 1878 enim
1219 1843 1314 1879 dare
1335 1850 1460 1878 totam
1485 1840 1804 1889 peccabilitatem

499 1900 771 1948 cuiuscunque
804 1909 946 1937 nature
979 1900 1191 1948 peccabilis
1224 1909 1261 1937 et
1294 1909 1418 1937 totam
1450 1898 1658 1937 caritatem
1682 1899 1807 1934 conti-

498 1971 619 1996 nuam
652 1959 713 1995 vel
756 1958 985 1995 intercisam
1032 1957 1259 1995 huiusmodi
1292 1966 1433 1995 nature
1466 1957 1529 1994 cui
1570 1958 1719 1993 donata
1752 1964 1807 1992 est

499 2016 651 2065 gracia3
697 2025 735 2053 et
777 2025 874 2052 tunc
906 2024 1043 2053 notata
1076 2025 1160 2053 tota
1192 2015 1326 2063 gracia
1365 2028 1485 2065 quam
1520 2014 1658 2051 habuit
1690 2015 1838 2051 beatass

497 2075 608 2123 virgo
639 2074 680 2110 in
713 2073 1018 2122 preservacione
1042 2087 1063 2110 a
1086 2083 1251 2123 peccato
1280 2083 1318 2111 et
1341 2073 1484 2110 merito
1508 2081 1544 2109 et
1567 2081 1650 2109 tota
1672 2071 1805 2120 gracia

498 2145 617 2181 quam
664 2131 802 2169 habuit
847 2132 1085 2180 Magdalena
1119 2132 1177 2169 vel
1208 2131 1308 2169 alius
1347 2140 1507 2169 sanctus
1541 2129 1805 2180 quantitative

499 2200 535 2227 et
568 2189 799 2239 qualitative
845 2199 881 2226 et
925 2189 1287 2238 proporcionaliter
1330 2198 1372 2226 ut
1405 2189 1538 2237 gracia
1581 2201 1621 2225 se
1667 2187 1805 2224 habuit

498 2249 548 2285 ad
579 2248 769 2296 graciam,
804 2247 985 2285 dimissio
1017 2260 1057 2284 se
1090 2247 1230 2285 habuit
1263 2248 1312 2284 ad
1336 2246 1625 2292 dimissionem,
1659 2258 1805 2294 suppo-

497 2305 573 2343 sito
606 2306 713 2354 quod
746 2305 973 2354 potuissent
1016 2318 1116 2354 eque
1148 2304 1321 2353 graviter
1353 2304 1577 2354 peccavisse
1611 2312 1648 2341 et
1679 2303 1734 2340 sic
1767 2302 1806 2339 in
1824 2307 1839 2338 ‘5

497 2363 661 2412 singulis
707 2362 991 2412 predestinatis
1035 2363 1305 2411 peccabilibus
1350 2361 1531 2399 dimissio
1577 2361 1730 2410 peccati
1770 2369 1806 2396 et

498 2421 665 2459 dileccio
689 2422 1013 2469 correspondent.
1045 2420 1260 2469 Supposito
1284 2420 1404 2468 igitur
1428 2421 1535 2469 quod
1559 2421 1674 2456 beata
1698 2418 1806 2466 virgo

499 2478 571 2516 fuit
603 2479 793 2516 immunis
827 2491 848 2516 a
882 2487 1061 2527 peccato,
1096 2488 1190 2515 tunc
1224 2478 1369 2515 dicitur
1401 2478 1509 2526 quod
1534 2486 1690 2513 mortua
1715 2486 1806 2513 ante

499 2536 701 2574 Christum
735 2537 874 2573 fuisset
906 2537 946 2574 in
978 2536 1165 2585 paradiso
1199 2535 1334 2573 celesti
1367 2548 1455 2573 cum
1482 2534 1688 2571 divinitate
1723 2533 1803 2579 filii,

499 2595 600 2632 sicut
622 2595 724 2631 latro
754 2592 757 2647 l
788 2604 824 2631 et
848 2604 936 2643 post
963 2593 1151 2631 intrasset
1175 2607 1261 2630 cum
1293 2593 1374 2630 filio
1398 2594 1525 2630 celum
1551 2604 1804 2640 corporeum.

500 2653 559 2690 De
591 2652 741 2701 angelis
774 2665 866 2689 vero
900 2661 957 2689 est
991 2652 1205 2689 difficultas
1238 2651 1456 2700 sophistica
1485 2660 1616 2687 utrum
1643 2649 1805 2686 dimissa

500 2710 576 2748 sint
609 2710 663 2749 eis
696 2711 947 2760 peccamina3
980 2719 1016 2747 et
1048 2709 1204 2747 videtur
1235 2710 1343 2758 quod
1376 2709 1443 2755 sic,
1480 2721 1568 2745 cum
1602 2706 1680 2744 sint
1714 2719 1804 2755 pec-

570 2844 710 2881 J.>Cod.:
732 2844 870 2879 contigit.
945 2842 984 2870 ¹³3.
1007 2843 1101 2874 Cocli:
1128 2842 1324 2878 Magdalene.

1830 869 1866 889 10

1825 1447 1868 1468 20

1844 2027 1864 2046 O

1846 2603 1877 2626 'N

1896 2603 1911 2625 Ιυ

1917 2598 1929 2610 D
