2050 3292
243 213 325 250 610

242 796 364 831 Danger
384 798 418 824 of
435 798 513 825 slotli

303 832 331 858 in
356 832 455 869 God's

319 874 444 893 service.

954 220 1012 251 DE
1042 220 1176 251 CIVILI
1204 220 1414 252 DOMINIO.
1603 206 1708 263 [CAP.
1731 217 1839 245 XXVI-

531 326 606 363 cite
651 335 687 362 et
731 327 848 363 debet
891 325 992 362 scire
1038 326 1232 376 explicite,
1278 327 1382 374 quod
1430 325 1573 374 eligere
1607 328 1635 361 B
1668 335 1726 363 est
1758 329 1842 364 Deo

531 384 756 432 accepcius.
802 383 927 420 Aliter
972 383 1076 419 enim
1123 396 1203 420 non
1243 384 1343 420 foret
1378 384 1533 428 melius,
1580 383 1680 420 sicut
1725 385 1843 432 igitur

531 445 635 479 Deus
667 442 749 478 vult
781 442 887 490 quod
920 442 1042 478 homo
1075 441 1268 489 perficiat,
1315 441 1407 478 licet
1439 454 1520 478 non
1554 442 1750 490 proficiat,
1790 442 1843 479 ita

530 500 611 535 vult
644 500 751 548 quod
776 501 915 535 Petrus
949 499 1067 547 eligat
1101 501 1143 541 Β,
1178 500 1268 536 licet
1300 512 1381 536 non
1420 500 1549 547 ipsum
1585 500 1714 549 eligat,
1749 500 1843 549 quia

530 556 731 594 ordinavit
775 558 903 605 legem
951 566 1127 594 eternam
1176 559 1284 606 quod
1337 557 1490 605 positus
1534 557 1575 593 in
1619 559 1877 606 adopcione5

531 617 700 651 duorum
737 616 934 651 bonorum
971 628 1072 663 eque
1106 615 1356 663 possibilium
1382 615 1500 663 eligat
1524 616 1649 664 magis
1674 617 1842 661 bonum3

530 673 620 710 ideo
666 673 970 709 contraveniens
1024 673 1087 709 isti
1140 673 1215 721 ¹egi
1261 682 1403 710 nature
1447 682 1588 722 peccat
1627 673 1666 710 in
1700 676 1842 719 Deum,

531 730 758 779 proximum
794 740 828 767 et
863 743 902 766 se
936 730 1083 778 ipsum.

589 789 736 833 Quinto
781 789 1043 825 confirmatur
1088 801 1130 824 cx
1177 790 1251 825 hoc
1293 790 1402 836 quod
1436 789 1556 825 homo
1589 789 1788 837 accipiens
1822 803 1843 826 a
1884 794 1908 824 F

531 848 614 882 Deo
659 846 873 882 scienciam
921 855 957 882 et
1003 847 1229 894 potenciam
1278 848 1327 883 ad
1372 846 1623 882 serviendum
1677 847 1751 883 sibi
1803 847 1902 883 in10

530 903 717 952 ampliori
740 904 874 952 gracia
902 904 941 940 in
964 917 1110 940 vanum
1136 904 1282 952 accipit
1311 917 1396 941 eam
1423 906 1627 951 peccando
1651 903 1840 958 aeciam}

530 963 690 1009 quando
737 971 875 998 contra
921 962 1066 999 Christi
1113 962 1323 998 consilium
1372 961 1601 1007 retrocedit,
1649 962 1705 999 sic
1749 964 1843 1000 facit
1883 970 1963 1008 247⁶

529 1019 662 1056 omnis
696 1020 750 1056 sic
785 1020 890 1056 fatue
925 1020 1091 1068 eligens;
1127 1020 1247 1068 igitur
1281 1030 1353 1059 etc.
1406 1022 1505 1056 Nam
1540 1020 1741 1057 sufficiens
1775 1023 1842 1057 ad-

530 1077 686 1126 quirere
730 1079 882 1114 lucrum
930 1079 1151 1126 temporale
1198 1088 1235 1115 et
1279 1079 1410 1126 ipsum
1449 1078 1667 1116 obmittens
1700 1080 1749 1115 ad
1783 1080 1842 1115 sui

529 1135 935 1183 dampnificacionem
971 1145 1027 1172 est
1061 1137 1299 1184 culpandus3
1335 1136 1454 1184 igitur
1488 1137 1615 1172 multo
1646 1137 1771 1184 magis
1796 1139 1842 1173 de
1866 1141 1899 1172 15

529 1194 641 1229 lucro
685 1193 883 1241 spirituali
929 1203 1123 1242 perpetuo
1167 1194 1410 1231 fortificante
1456 1194 1658 1230 hominem
1703 1204 1842 1231 contra

531 1252 664 1287 hostes
694 1251 732 1287 in
758 1251 827 1287 Dei
861 1252 1040 1290 servicio.
1072 1252 1197 1288 Aliter
1231 1252 1334 1288 enim
1370 1252 1507 1288 liceret
1540 1253 1672 1289 laxare
1705 1252 1746 1288 in
1773 1253 1841 1289 Dei

531 1308 697 1345 servicio
731 1322 856 1357 usque
890 1311 937 1345 ad
962 1323 1042 1346 non
1068 1310 1248 1358 gradum.
1284 1311 1397 1346 Unde
1422 1310 1461 1346 in
1485 1310 1841 1346 confirmacionem

530 1367 714 1415 opposite
747 1367 945 1403 sentencie
979 1367 1075 1403 dicit
1109 1367 1287 1404 Christus
1317 1369 1438 1404 Math.
1465 1369 1562 1413 VIII,
1599 1380 1646 1405 22
1683 1368 1840 1405 cuidam

531 1424 727 1473 discipulo
751 1437 868 1473 quem
895 1425 949 1462 sic
972 1425 1144 1461 vocavit:
1181 1427 1346 1475 Sequere
1369 1439 1439 1472 me,
1464 1426 1647 1475 pet-mitte
1670 1434 1843 1463 mortuos
1860 1435 1901 1458 20

528 1483 692 1531 sepelire
736 1491 909 1519 mortuos
952 1497 1052 1521 suos.
1111 1485 1229 1527 Quod
1274 1484 1433 1532 exponit
1475 1484 1724 1532 Augustinus
1764 1497 1843 1521 ser-

531 1553 648 1576 mone
670 1542 750 1587 Vll,
775 1549 915 1577 notans
939 1543 1145 1589 quomodo
1169 1541 1298 1578 scriba
1321 1542 1474 1578 dicens:
1508 1542 1675 1578 Domine
1702 1555 1844 1591 sequar

529 1606 564 1633 te
586 1611 807 1647 quocunque
838 1600 940 1645 ieris,
974 1600 1210 1647 reprobatus
1244 1609 1313 1647 est7
1347 1599 1440 1648 quia
1464 1599 1645 1636 Christus
1673 1600 1771 1637 vidit
1802 1600 1842 1636 in

530 1656 665 1692 animo
709 1669 781 1693 suo
825 1670 904 1693 non
952 1670 1035 1694 esse
1079 1657 1211 1693 locum
1253 1658 1528 1706 requiescendi
1561 1670 1632 1706 per
1665 1658 1841 1705 graciam

530 1723 692 1762 propter
715 1715 945 1762 superbiam
970 1724 1090 1764 atque
1113 1715 1348 1761 avariciam3
1383 1717 1581 1752 secundus
1604 1724 1738 1752 autem
1775 1716 1841 1764 qui
1859 1717 1898 1749 25

529 1785 610 1807 non
643 1773 816 1808 audebat
848 1773 920 1809 hec
954 1772 1189 1821 promittere
1222 1773 1413 1810 excitatus
1446 1783 1515 1819 est,
1548 1782 1585 1810 et
1606 1773 1752 1810 tercius
1775 1774 1841 1822 qui

530 1830 731 1866 deferebat
776 1831 957 1878 culpatus
996 1841 1067 1880 est,
1120 1840 1161 1867 ut
1199 1840 1308 1879 patet
1342 1834 1435 1868 Luc.
1470 1833 1532 1877 IX,
1568 1832 1662 1880 quia
1695 1831 1733 1867 in
1768 1832 1842 1868 hiis

529 1889 684 1924 duobus
718 1888 947 1925 eternaliter
980 1889 1076 1925 vidit
1109 1890 1421 1937 disposicionem
1456 1891 1505 1926 ad
1539 1889 1840 1938 discipulatum.

530 1947 644 1982 Unde
667 1947 828 1993 quando
853 1947 962 1994 prior
985 1947 1095 1984 dixit:
1122 1948 1298 1991 Domine,
1318 1948 1502 1996 permitte
1524 1960 1583 1984 me
1596 1948 1653 1984 ire
1668 1949 1840 1997 primum

529 2011 563 2038 et
601 2004 764 2052 sepelire
802 2012 956 2053 patrem
1002 2018 1140 2051 meum,
1187 2005 1240 2041 ait
1273 2004 1402 2042 Jesus:
1442 2006 1624 2054 permitte
1668 2013 1842 2043 mortuos
1859 2008 1899 2039 30

527 2062 691 2110 sepelire
723 2070 897 2098 mortuos
933 2075 1035 2107 suos,
1080 2064 1154 2099 hoc
1199 2072 1256 2099 est
1301 2065 1520 2100 secundum
1554 2063 1840 2111 Augustinum:

529 2128 780 2167 occupentur
825 2121 971 2156 mortui
1018 2121 1184 2157 caritate
1229 2121 1334 2157 circa
1380 2120 1537 2157 minora
1583 2123 1630 2157 de
1675 2134 1839 2169 genere3

534 2177 721 2223 Christus,
773 2178 913 2226 inquit,
972 2179 1116 2215 nullam
1168 2180 1459 2215 excusacionem
1512 2180 1592 2215 vult
1636 2179 1838 2229 interponi,

529 2235 698 2271 carnalis
719 2236 828 2272 huius
850 2238 1150 2286 temporalisque
1168 2238 1334 2286 pietatis,
1361 2246 1402 2273 ut
1422 2237 1647 2273 dimittatur
1665 2238 1814 2274 bonum
1834 2235 1837 2290 fl

529 2293 797 2340 prestancit133
845 2294 981 2337 nolite,
1017 2294 1159 2343 inquit,
1196 2295 1396 2332 anteriora
1429 2294 1715 2343 posterioribus
1748 2298 1838 2332 sub·
1881 2305 1944 2338 247

529 2352 634 2396 dere,
660 2351 753 2398 quia
776 2352 890 2387 aliter
913 2361 1052 2388 contra
1078 2362 1250 2389 mentem
1277 2354 1442 2389 ecclesie
1466 2353 1725 2389 Canticorum
1752 2355 1795 2400 II,
1815 2367 1838 2402 4

529 2408 661 2444 deficit
696 2409 840 2445 caritas
873 2410 1075 2451 ordinata:
1117 2420 1153 2446 et
1187 2413 1234 2447 ad
1270 2411 1374 2447 idem
1408 2412 1557 2447 vadunt
1589 2411 1770 2447 raciones
1804 2421 1840 2448 et

528 2466 760 2503 testimonia
793 2467 975 2514 proximo
1009 2468 1184 2516 capitulo
1218 2470 1397 2517 allegata.

587 2525 696 2569 Item,
731 2525 863 2561 omnis
897 2525 1137 2562 christianus
1170 2535 1325 2563 tenetur
1357 2527 1396 2562 in
1419 2526 1563 2564 virtute
1586 2527 1779 2574 proficere
1804 2537 1839 2563 et

529 2594 598 2628 per
631 2594 878 2630 consequens
911 2583 947 2619 in
984 2583 1149 2620 caritate
1182 2594 1219 2620 et
1252 2585 1397 2633 gracia,
1442 2584 1542 2621 sicut
1584 2584 1839 2632 progreditur
1854 2596 1898 2625 40

528 2639 567 2674 in
602 2648 717 2685 etate,
752 2640 819 2677 sed
853 2641 1093 2678 dimittendo
1117 2642 1286 2679 scienter
1315 2642 1389 2678 sibi
1414 2642 1548 2678 utilius
1572 2644 1840 2679 retrocederet

599 2830 651 2855 20.
680 2824 789 2854 Serui.
817 2825 853 2861 (j,
882 2826 973 2866 Opp.
1001 2831 1084 2857 tom.
1107 2826 1145 2869 V,
1176 2824 1249 2867 527.
1347 2833 1400 2866 33.
1428 2826 1447 2857 1.
1476 2836 1501 2858 c,
1530 2835 1607 2867 pag.
1638 2825 1710 2858 528.
