2050 3292
226 208 312 235 CAv.
336 200 464 253 xxvi]
688 212 822 243 LIBER
849 213 1057 245 TERTJUS.
1733 204 1808 240 02¹

225 317 370 355 cabiles
415 330 437 354 a
481 317 653 366 peccatis
700 318 880 355 maximis
925 318 1152 367 preservati.
1205 318 1261 355 Illi
1296 326 1427 355 autem
1461 317 1529 366 qui

224 384 378 423 ponunt
410 375 629 424 quemlibet
675 377 857 424 angelum
906 389 988 413 esse
1033 376 1203 425 disparis
1248 376 1393 425 speciei
1439 388 1528 412 cum

225 433 317 479 alio,
363 433 500 470 dicunt
532 435 638 482 quod
684 434 813 482 angeli
846 443 995 471 stantes
1028 447 1100 471 nec
1138 434 1177 471 in
1210 447 1249 471 se
1282 447 1354 471 nec
1387 434 1427 470 in
1460 446 1530 471 sua

224 500 365 527 natura
389 491 576 540 specifica
599 501 878 540 peccaverunt.
913 494 993 540 Ego
1017 501 1150 529 autern
1176 492 1266 528 dico
1298 492 1406 540 quod
1439 491 1533 528 licet

192 548 370 585 5sanctis
414 550 564 597 angelis
597 549 674 585 sint
705 558 870 598 peccata
903 550 1079 596 dimissa,
1127 563 1216 586 cum
1262 563 1335 598 pro
1375 550 1530 585 morula

156 783 185 813 O

224 620 291 643 sue
315 606 604 656 peccabilitatis
636 608 796 645 fuerunt
824 607 1116 656 graciosissime
1140 607 1372 656 preservati‚
1396 616 1531 643 tamen

224 664 339 705 aliter
382 666 496 701 beata
529 665 639 713 virgo
684 678 759 714 que
803 665 875 702 fuit
908 665 1167 713 inpeccabilis
1201 675 1236 701 et
1270 664 1475 702 descendit
1510 678 1531 701 a

225 735 367 770 genere
400 722 546 759 infecto
579 723 680 759 sicut
713 736 793 760 non
825 723 966 772 angeli.

283 782 511 816 Notandum
564 789 700 817 tamen
744 783 850 829 quod
903 780 1113 829 tripliciter
1165 794 1334 829 persona
1388 780 1532 816 dicitur
1553 786 1814 856 gpczegbili-iigdz'pg

173 837 450 885 iopeccabilis,
475 837 730 886 primomodo
753 839 848 887 quia
869 847 945 876 stat
966 852 1056 876 cum
1074 838 1251 887 qualibet
1267 837 1532 875 ordinacione
1565 853 1802 891 impeccability.

172 1130 207 1161 15

170 2286 208 2319 35

226 895 358 932 divina
404 897 511 944 quod
556 904 712 945 peccet;
759 905 796 933 et
840 896 895 933 sic
939 910 1075 933 sumus
1120 909 1190 933 nos
1231 896 1365 933 miseri
1399 895 1531 932 cuncti

224 953 467 1001 peccabiles3
513 955 814 991 secundomodo
860 954 951 1003 quia
987 964 1043 991 est
1077 954 1115 990 in
1149 963 1254 990 statu
1288 967 1367 1003 quo
1400 961 1532 1001 posset

225 1023 390 1060 peccare
433 1020 475 1047 ut
508 1011 627 1059 primi
673 1020 866 1060 parentes,
913 1025 1014 1060 quos
1058 1012 1183 1049 sancti
1224 1013 1449 1049 concedunt
1482 1012 1531 1047 ad

224 1082 361 1105 sensus
406 1068 620 1118 equivocos
664 1069 783 1106 fuisse
827 1079 920 1107 tunc
967 1070 1155 1106 mortales
1202 1079 1237 1105 et
1268 1070 1531 1115 immortales,

224 1127 292 1165 sed
326 1127 449 1164 tercio
482 1127 729 1175 amplissime
762 1127 916 1174 dicitur,
962 1141 1054 1164 nam
1095 1127 1310 1175 peccabilis
1349 1128 1530 1175 quando-

225 1197 380 1233 cunque
404 1194 533 1233 potest
552 1198 729 1233 peccare.
760 1187 1130 1234 Correspondenter
1152 1185 1363 1233 tripliciter
1386 1184 1532 1221 dicitur

224 1255 395 1291 persona
429 1243 715 1292 impeccabilis,
749 1243 879 1291 primo
914 1245 1075 1292 quando
1109 1252 1304 1291 repugnat
1330 1242 1401 1279 Dei
1425 1242 1531 1279 ordi-

224 1300 384 1337 nacioni
429 1302 537 1349 quod
581 1310 675 1338 tunc
720 1310 857 1350 peccet
889 1311 931 1337 ut
964 1301 1092 1338 sancti
1125 1300 1164 1337 in
1196 1301 1257 1337 ria
1292 1300 1532 1346 confirmati⁷

225 1360 401 1395 secundo
446 1359 608 1407 quando
654 1368 710 1395 est
754 1361 792 1395 in
839 1368 944 1396 statu
990 1359 1052 1395 cui
1093 1368 1289 1407 repugnat
1324 1367 1529 1406 peccatum

225 1417 439 1454 succedere
473 1425 514 1452 ut
548 1416 663 1466 beati,
698 1417 821 1454 tercio
867 1418 1029 1465 quando
1073 1429 1153 1453 non
1199 1426 1326 1464 potest
1367 1429 1533 1464 peccare

225 1474 459 1523 simpliciter
510 1483 552 1510 ut
606 1474 805 1523 Christus3
859 1484 895 1511 et
949 1483 1240 1523 consequenter
1293 1474 1438 1511 dicitur
1486 1475 1532 1510 de

226 1532 385 1568 mortali
418 1541 453 1568 et
487 1532 695 1570 similibus.

282 1590 429 1626 Habito
463 1589 598 1637 itaque
621 1592 727 1639 quod
758 1591 873 1627 beata
897 1590 1006 1638 virgo
1030 1598 1165 1638 posset
1187 1591 1301 1638 lapsu
1324 1589 1533 1638 supposito
1566 1595 1589 1622 It
1611 1596 1635 1622 is
1658 1596 1753 1623 better
1773 1599 1804 1621 το

223 1647 342 1685 fuisse
394 1647 585 1684 immunis
628 1648 863 1696 simpliciter
910 1661 932 1685 a
976 1657 1156 1698 peccato,
1206 1647 1361 1684 videtur
1413 1632 1818 1702 michiqlfssffiffiffiffhffoe

224 1719 363 1742 sanum
396 1702 400 1757 Ι
429 1705 638 1742 consilium
675 1706 798 1743 nichil
830 1715 979 1742 temere
1012 1705 1185 1742 diffinire
1208 1707 1340 1754 quoad
1366 1705 1531 1742 dubium
1584 1701 1786 1763 sidlidsgsiic'ss·

225 1765 271 1799 de
295 1763 439 1812 inesse3
473 1772 555 1799 tum
582 1764 674 1812 quia
698 1777 776 1800 non
801 1773 1016 1801 occurrunt
1042 1763 1162 1800 michi
1187 1765 1307 1800 modo
1332 1763 1693 1810 evidenciehqweoer
1711 1757 1821 1805 imin,

224 1822 358 1869 patule
402 1822 686 1858 necessitantes
731 1823 780 1858 ad
827 1830 979 1870 partem
1026 1822 1273 1868 alterutram,
1320 1830 1403 1857 tum
1439 1821 1534 1869 quia
1562 1806 1806 1875 ϋζῐιῼὲᾱῗῃξῖἶξῖῑδ

224 1879 322 1915 illud
378 1879 585 1927 problema
635 1879 790 1916 videtur
845 1889 1031 1916 neutrum
1079 1880 1211 1928 quoad
1263 1879 1533 1916 substanciam
1597 1875 1774 1902 ordinance.

226 1937 331 1985 fidei,
356 1946 438 1973 tum
464 1937 602 1986 tercio⁷
620 1938 712 1985 quia
737 1938 775 1973 in
795 1937 906 1974 istius
925 1937 1152 1974 assercione
1170 1937 1271 1974 iacet
1290 1937 1535 1985 pericu1um3

227 2004 262 2031 et
296 1995 449 2031 videtur
482 1996 587 2043 quod
622 2008 694 2043 pro
721 1997 874 2032 morula
899 1995 1240 2043 peregrinacionis
1266 2008 1352 2031 mee
1376 2007 1533 2043 possem

226 2052 386 2089 aliunde
404 2053 544 2089 melius
561 2054 764 2101 occupari.
789 2055 890 2090 Sunt
906 2062 1038 2090 autem
1056 2053 1314 2090 auctoritates
1339 2053 1535 2101 scripture

225 2123 335 2147 sacre
380 2123 455 2159 que
497 2110 680 2147 videntur
723 2111 933 2159 imponere
977 2120 1187 2159 peccatum
1233 2110 1343 2147 omni
1382 2110 1534 2147 homini

226 2168 325 2204 citra
358 2168 572 2211 Christum,
607 2178 649 2205 ut
682 2169 778 2205 illud
807 2169 951 2206 Psalmi
975 2170 1077 2205 XIII:
1112 2170 1198 2206 Non
1232 2177 1287 2205 est
1318 2168 1535 2218 quifaciat

225 2227 376 2273 bonum,
410 2240 482 2263 non
506 2235 561 2262 est
583 2239 697 2275 usque
719 2228 770 2263 ad
793 2240 921 2273 unum,
952 2229 1060 2275 quod
1084 2226 1319 2274 intelligitur
1343 2225 1536 2263 exclusive

226 2296 350 2332 usque
383 2286 431 2320 ad
467 2285 683 2329 Christum,
719 2298 836 2332 quam
872 2284 1111 2332 scripturam
1147 2285 1292 2332 allegat
1320 2284 1535 2332 Apostolus

227 2344 339 2377 Rom.
366 2344 426 2386 ΙΙΙ,
452 2354 610 2390 9—12:
641 2343 811 2391 causati,
845 2342 986 2390 inquit,
1018 2355 1151 2378 sumus
1172 2343 1315 2378 Jndeos
1347 2350 1382 2378 et
1402 2349 1537 2392 gentes

196 2407 198 2409 ’
226 2412 356 2435 omnes
387 2401 455 2435 sub
483 2408 640 2449 peccato
674 2412 764 2443 esse,
797 2400 894 2436 sicut
925 2400 1109 2449 scriptum
1144 2408 1211 2445 est,
1245 2412 1317 2436 non
1341 2408 1395 2436 est
1417 2400 1537 2436 iustus

169 2586 184 2615 ‚4
192 2586 213 2606 o

227 2458 436 2505 quisquam,
471 2470 542 2493 non
577 2465 631 2493 est
664 2458 883 2508 intelligens
915 2470 982 2494 nec
1010 2458 1210 2506 requirens
1233 2458 1372 2504 Deum,
1407 2470 1536 2493 omnes

228 2515 516 2551 declinaverunt
559 2516 685 2558 simul,
730 2528 802 2551 non
846 2523 902 2551 est
934 2516 997 2563 qui
1015 2516 1147 2564 faciat
1179 2517 1330 2557 honum,
1377 2527 1449 2550 non
1483 2523 1538 2551 est

228 2585 343 2621 usque
374 2574 426 2608 ad
458 2586 583 2609 unum.
618 2574 664 2609 Et
688 2574 800 2609 Rom.
825 2574 868 2618 V,
899 2577 967 2610 18:
1002 2574 1107 2609 Sicut
1125 2586 1201 2622 per
1223 2574 1332 2609 unius
1356 2573 1535 2609 delictum

228 2630 263 2665 in
297 2642 425 2666 omnes
456 2631 625 2667 homines
658 2631 693 2666 in
727 2631 1126 2680 condempnacionem,
1172 2631 1225 2667 sic
1257 2638 1291 2666 et
1321 2643 1396 2680 per
1429 2630 1538 2666 unius

299 2820 334 2848 15.
356 2820 476 2849 dicitur.
499 2821 556 2848 Hic
576 2821 676 2856 aliqua
698 2822 789 2849 verba
810 2822 930 2849 desunt.
