<?xml version="1.0" encoding="UTF-8"?>
<!DOCTYPE html PUBLIC "-//W3C//DTD XHTML 1.0 Transitional//EN"
    "http://www.w3.org/TR/xhtml1/DTD/xhtml1-transitional.dtd">
<html xmlns="http://www.w3.org/1999/xhtml" xml:lang="en" lang="en">
 <head>
  <title>
</title>
<meta http-equiv="Content-Type" content="text/html;charset=utf-8" />
  <meta name='ocr-system' content='tesseract 3.04.00' />
  <meta name='ocr-capabilities' content='ocr_page ocr_carea ocr_par ocr_line ocrx_word'/>
</head>
<body>
  <div class='ocr_page' id='page_1' title='image "./decivilidominio04wycl_0108.png"; bbox 0 0 2050 3292; ppageno 0'>
   <div class='ocr_carea' id='block_1_1' title="bbox 196 240 278 287">
    <p class='ocr_par' dir='ltr' id='par_1_1' title="bbox 196 240 278 287">
     <span class='ocr_line' id='line_1_1' title="bbox 196 240 278 287; baseline -0.024 0"><span class='ocrx_word' id='word_1_1' title='bbox 196 240 278 287; x_wconf 81' lang='lat'><strong>458</strong></span> 
     </span>
    </p>
   </div>
   <div class='ocr_carea' id='block_1_2' title="bbox 911 230 1788 283">
    <p class='ocr_par' dir='ltr' id='par_1_2' title="bbox 911 230 1788 283">
     <span class='ocr_line' id='line_1_2' title="bbox 911 230 1788 283; baseline -0.014 -8"><span class='ocrx_word' id='word_1_2' title='bbox 911 244 967 275; x_wconf 83' lang='lat' dir='ltr'><strong>DE</strong></span> <span class='ocrx_word' id='word_1_3' title='bbox 997 243 1133 275; x_wconf 65' lang='lat' dir='ltr'><strong>(uviri</strong></span> <span class='ocrx_word' id='word_1_4' title='bbox 1162 243 1372 274; x_wconf 82' lang='lat' dir='ltr'><strong>DOMINIO.</strong></span> <span class='ocrx_word' id='word_1_5' title='bbox 1564 230 1671 283; x_wconf 80' lang='lat' dir='ltr'><strong>[CAP.</strong></span> <span class='ocrx_word' id='word_1_6' title='bbox 1695 237 1788 265; x_wconf 74' lang='lat' dir='ltr'><strong>xxn.</strong></span> 
     </span>
    </p>
   </div>
   <div class='ocr_carea' id='block_1_3' title="bbox 478 347 1913 2422">
    <p class='ocr_par' dir='ltr' id='par_1_3' title="bbox 478 347 1913 2422">
     <span class='ocr_line' id='line_1_3' title="bbox 538 347 1793 399; baseline -0.003 -11"><span class='ocrx_word' id='word_1_7' title='bbox 538 351 741 397; x_wconf 84' lang='lat' dir='ltr'><strong>Quotlibet</strong></span> <span class='ocrx_word' id='word_1_8' title='bbox 773 358 865 388; x_wconf 90' lang='lat' dir='ltr'><strong>sunt</strong></span> <span class='ocrx_word' id='word_1_9' title='bbox 897 349 992 387; x_wconf 89' lang='lat' dir='ltr'><strong>talia</strong></span> <span class='ocrx_word' id='word_1_10' title='bbox 1035 348 1244 397; x_wconf 82' lang='lat' dir='ltr'><strong>scripture,</strong></span> <span class='ocrx_word' id='word_1_11' title='bbox 1284 347 1469 399; x_wconf 85' lang='lat' dir='ltr'>racionis,</span> <span class='ocrx_word' id='word_1_12' title='bbox 1510 349 1721 385; x_wconf 85' lang='lat' dir='ltr'><strong>doctorum</strong></span> <span class='ocrx_word' id='word_1_13' title='bbox 1755 355 1793 385; x_wconf 89' lang='lat' dir='ltr'><strong>et</strong></span> 
     </span>
     <span class='ocr_line' id='line_1_4' title="bbox 480 405 1792 457; baseline -0.003 -11"><span class='ocrx_word' id='word_1_14' title='bbox 480 410 613 457; x_wconf 85' lang='lat' dir='ltr'><strong>legum</strong></span> <span class='ocrx_word' id='word_1_15' title='bbox 647 408 878 446; x_wconf 88' lang='lat' dir='ltr'><strong>testimonia</strong></span> <span class='ocrx_word' id='word_1_16' title='bbox 917 420 993 456; x_wconf 89' lang='lat' dir='ltr'><strong>que</strong></span> <span class='ocrx_word' id='word_1_17' title='bbox 1026 420 1118 455; x_wconf 84' lang='lat' dir='ltr'><strong>sepe</strong></span> <span class='ocrx_word' id='word_1_18' title='bbox 1156 406 1303 454; x_wconf 88' lang='lat' dir='ltr'><strong>repecii</strong></span> <span class='ocrx_word' id='word_1_19' title='bbox 1343 416 1380 443; x_wconf 91' lang='lat' dir='ltr'><strong>et</strong></span> <span class='ocrx_word' id='word_1_20' title='bbox 1419 414 1509 443; x_wconf 92' lang='lat' dir='ltr'><strong>sunt</strong></span> <span class='ocrx_word' id='word_1_21' title='bbox 1542 406 1582 442; x_wconf 92' lang='lat' dir='ltr'><strong>in</strong></span> <span class='ocrx_word' id='word_1_22' title='bbox 1614 405 1792 453; x_wconf 87' lang='lat' dir='ltr'><strong>practica</strong></span> 
     </span>
     <span class='ocr_line' id='line_1_5' title="bbox 480 463 1792 516; baseline -0.003 -12"><span class='ocrx_word' id='word_1_23' title='bbox 480 467 611 516; x_wconf 88' lang='lat' dir='ltr'><strong>sepius</strong></span> <span class='ocrx_word' id='word_1_24' title='bbox 656 468 884 515; x_wconf 78' lang='lat' dir='ltr'><strong>repetenda.</strong></span> <span class='ocrx_word' id='word_1_25' title='bbox 937 468 985 502; x_wconf 88' lang='lat' dir='ltr'><strong>Et</strong></span> <span class='ocrx_word' id='word_1_26' title='bbox 1029 464 1084 502; x_wconf 88' lang='lat' dir='ltr'><strong>sic</strong></span> <span class='ocrx_word' id='word_1_27' title='bbox 1128 464 1410 513; x_wconf 83' lang='lat' dir='ltr'><strong>intelligendus</strong></span> <span class='ocrx_word' id='word_1_28' title='bbox 1454 472 1511 501; x_wconf 91' lang='lat' dir='ltr'><strong>est</strong></span> <span class='ocrx_word' id='word_1_29' title='bbox 1548 463 1792 511; x_wconf 81' lang='lat' dir='ltr'><strong>Augustinus</strong></span> 
     </span>
     <span class='ocr_line' id='line_1_6' title="bbox 481 521 1792 573; baseline -0.002 -12"><span class='ocrx_word' id='word_1_30' title='bbox 481 525 661 573; x_wconf 82' lang='lat' dir='ltr'>Epistola</span> <span class='ocrx_word' id='word_1_31' title='bbox 692 526 848 561; x_wconf 90' lang='lat' dir='ltr'>XXXIII</span> <span class='ocrx_word' id='word_1_32' title='bbox 882 525 932 561; x_wconf 90' lang='lat' dir='ltr'><strong>ad</strong></span> <span class='ocrx_word' id='word_1_33' title='bbox 960 522 1222 560; x_wconf 81' lang='lat' dir='ltr'><strong>Bonifacium.</strong></span> <span class='ocrx_word' id='word_1_34' title='bbox 1264 523 1370 570; x_wconf 79' lang='lat' dir='ltr'><strong>Quis,</strong></span> <span class='ocrx_word' id='word_1_35' title='bbox 1403 521 1547 570; x_wconf 88' lang='lat' dir='ltr'><strong>inquit,</strong></span> <span class='ocrx_word' id='word_1_36' title='bbox 1582 529 1704 558; x_wconf 84' lang='lat' dir='ltr'><strong>mente</strong></span> <span class='ocrx_word' id='word_1_37' title='bbox 1733 533 1792 558; x_wconf 90' lang='lat' dir='ltr'><strong>so-</strong></span> 
     </span>
     <span class='ocr_line' id='line_1_7' title="bbox 481 580 1825 632; baseline -0.003 -13"><span class='ocrx_word' id='word_1_38' title='bbox 481 583 587 619; x_wconf 83' lang='lat' dir='ltr'><strong>brius</strong></span> <span class='ocrx_word' id='word_1_39' title='bbox 619 583 762 619; x_wconf 87' lang='lat' dir='ltr'><strong>nostris</strong></span> <span class='ocrx_word' id='word_1_40' title='bbox 794 582 897 618; x_wconf 87' lang='lat' dir='ltr'><strong>dicat</strong></span> <span class='ocrx_word' id='word_1_41' title='bbox 929 582 1108 632; x_wconf 77' lang='lat' dir='ltr'><strong>regibus:</strong></span> <span class='ocrx_word' id='word_1_42' title='bbox 1139 581 1268 616; x_wconf 84' lang='lat' dir='ltr'><em>Nolite</em></span> <span class='ocrx_word' id='word_1_43' title='bbox 1297 592 1438 616; x_wconf 88' lang='lat' dir='ltr'><strong>curare</strong></span> <span class='ocrx_word' id='word_1_44' title='bbox 1460 580 1496 616; x_wconf 88' lang='lat' dir='ltr'><strong>in</strong></span> <span class='ocrx_word' id='word_1_45' title='bbox 1519 591 1642 630; x_wconf 76' lang='lat' dir='ltr'><strong>regno</strong></span> <span class='ocrx_word' id='word_1_46' title='bbox 1666 583 1825 615; x_wconf 77' lang='lat' dir='ltr'><strong>vestro5</strong></span> 
     </span>
     <span class='ocr_line' id='line_1_8' title="bbox 480 637 1792 689; baseline -0.003 -12"><span class='ocrx_word' id='word_1_47' title='bbox 480 653 501 676; x_wconf 84' lang='lat' dir='ltr'><strong>a</strong></span> <span class='ocrx_word' id='word_1_48' title='bbox 534 652 605 689; x_wconf 82' lang='lat' dir='ltr'><strong>quo</strong></span> <span class='ocrx_word' id='word_1_49' title='bbox 638 648 815 677; x_wconf 83' lang='lat' dir='ltr'><strong>teneatur</strong></span> <span class='ocrx_word' id='word_1_50' title='bbox 847 640 906 675; x_wconf 80' lang='lat' dir='ltr'><strong>vel</strong></span> <span class='ocrx_word' id='word_1_51' title='bbox 928 646 1176 689; x_wconf 78' lang='lat' dir='ltr'><strong>oppugnetur</strong></span> <span class='ocrx_word' id='word_1_52' title='bbox 1201 638 1358 675; x_wconf 82' lang='lat' dir='ltr'><strong>ecclesia</strong></span> <span class='ocrx_word' id='word_1_53' title='bbox 1382 637 1527 674; x_wconf 84' lang='lat' dir='ltr'><strong>domini</strong></span> <span class='ocrx_word' id='word_1_54' title='bbox 1551 637 1686 683; x_wconf 77' lang='lat' dir='ltr'><strong>nostri,</strong></span> <span class='ocrx_word' id='word_1_55' title='bbox 1720 650 1792 674; x_wconf 81' lang='lat' dir='ltr'><strong>non</strong></span> 
     </span>
     <span class='ocr_line' id='line_1_9' title="bbox 480 695 1793 748; baseline -0.003 -14"><span class='ocrx_word' id='word_1_56' title='bbox 480 699 532 734; x_wconf 83' lang='lat' dir='ltr'><strong>ad</strong></span> <span class='ocrx_word' id='word_1_57' title='bbox 555 710 621 735; x_wconf 75' lang='lat' dir='ltr'><strong>vos</strong></span> <span class='ocrx_word' id='word_1_58' title='bbox 638 699 832 748; x_wconf 78' lang='lat' dir='ltr'><strong>pertineat</strong></span> <span class='ocrx_word' id='word_1_59' title='bbox 875 698 910 733; x_wconf 87' lang='lat' dir='ltr'><strong>in</strong></span> <span class='ocrx_word' id='word_1_60' title='bbox 945 709 1068 748; x_wconf 80' lang='lat' dir='ltr'><strong>regno</strong></span> <span class='ocrx_word' id='word_1_61' title='bbox 1102 704 1229 732; x_wconf 75' lang='lat' dir='ltr'><strong>vestro</strong></span> <span class='ocrx_word' id='word_1_62' title='bbox 1262 697 1344 745; x_wconf 83' lang='lat' dir='ltr'><strong>quis</strong></span> <span class='ocrx_word' id='word_1_63' title='bbox 1377 696 1468 733; x_wconf 76' lang='lat' dir='ltr'><strong>velit</strong></span> <span class='ocrx_word' id='word_1_64' title='bbox 1501 708 1581 732; x_wconf 85' lang='lat' dir='ltr'><strong>esse</strong></span> <span class='ocrx_word' id='word_1_65' title='bbox 1604 695 1683 732; x_wconf 77' lang='lat' dir='ltr'><strong>sive</strong></span> <span class='ocrx_word' id='word_1_66' title='bbox 1706 695 1793 731; x_wconf 88' lang='lat' dir='ltr'><strong>reli-</strong></span> 
     </span>
     <span class='ocr_line' id='line_1_10' title="bbox 479 754 1795 807; baseline -0.002 -16"><span class='ocrx_word' id='word_1_67' title='bbox 479 756 614 807; x_wconf 77' lang='lat' dir='ltr'><strong>giosus</strong></span> <span class='ocrx_word' id='word_1_68' title='bbox 644 756 723 792; x_wconf 77' lang='lat' dir='ltr'><strong>sive</strong></span> <span class='ocrx_word' id='word_1_69' title='bbox 753 755 995 805; x_wconf 78' lang='lat' dir='ltr'><strong>sacrz&#39;legus;</strong></span> <span class='ocrx_word' id='word_1_70' title='bbox 1024 754 1157 804; x_wconf 79' lang='lat' dir='ltr'><strong>quihus</strong></span> <span class='ocrx_word' id='word_1_71' title='bbox 1190 754 1266 791; x_wconf 87' lang='lat' dir='ltr'><strong>dici</strong></span> <span class='ocrx_word' id='word_1_72' title='bbox 1295 767 1367 791; x_wconf 87' lang='lat' dir='ltr'><strong>non</strong></span> <span class='ocrx_word' id='word_1_73' title='bbox 1401 760 1549 803; x_wconf 83' lang='lat' dir='ltr'><strong>potest;</strong></span> <span class='ocrx_word' id='word_1_74' title='bbox 1580 765 1702 789; x_wconf 89' lang='lat' dir='ltr'><strong>nonne</strong></span> <span class='ocrx_word' id='word_1_75' title='bbox 1744 754 1795 788; x_wconf 85' lang='lat' dir='ltr'><strong>ad</strong></span> 
     </span>
     <span class='ocr_line' id='line_1_11' title="bbox 483 811 1794 863; baseline -0.004 -13"><span class='ocrx_word' id='word_1_76' title='bbox 483 826 549 850; x_wconf 75' lang='lat' dir='ltr'><strong>vos</strong></span> <span class='ocrx_word' id='word_1_77' title='bbox 587 815 781 863; x_wconf 79' lang='lat' dir='ltr'><strong>pertineat</strong></span> <span class='ocrx_word' id='word_1_78' title='bbox 823 813 859 849; x_wconf 87' lang='lat' dir='ltr'><strong>in</strong></span> <span class='ocrx_word' id='word_1_79' title='bbox 905 825 1028 863; x_wconf 77' lang='lat' dir='ltr'><strong>regno</strong></span> <span class='ocrx_word' id='word_1_80' title='bbox 1072 819 1214 855; x_wconf 76' lang='lat' dir='ltr'><strong>vestro,</strong></span> <span class='ocrx_word' id='word_1_81' title='bbox 1261 812 1344 860; x_wconf 81' lang='lat' dir='ltr'><strong>quis</strong></span> <span class='ocrx_word' id='word_1_82' title='bbox 1383 812 1472 848; x_wconf 77' lang='lat' dir='ltr'><strong>velit</strong></span> <span class='ocrx_word' id='word_1_83' title='bbox 1509 823 1590 847; x_wconf 85' lang='lat' dir='ltr'><strong>esse</strong></span> <span class='ocrx_word' id='word_1_84' title='bbox 1615 811 1794 860; x_wconf 79' lang='lat' dir='ltr'><strong>pudicus,</strong></span> 
     </span>
     <span class='ocr_line' id='line_1_12' title="bbox 482 868 1852 921; baseline -0.003 -14"><span class='ocrx_word' id='word_1_85' title='bbox 482 872 565 920; x_wconf 81' lang='lat' dir='ltr'><strong>quis</strong></span> <span class='ocrx_word' id='word_1_86' title='bbox 597 872 832 921; x_wconf 76' lang='lat' dir='ltr'><strong>inpudicus?</strong></span> <span class='ocrx_word' id='word_1_87' title='bbox 855 883 899 907; x_wconf 89' lang='lat' dir='ltr'><strong>ac</strong></span> <span class='ocrx_word' id='word_1_88' title='bbox 923 870 954 907; x_wconf 88' lang='lat' dir='ltr'><strong>si</strong></span> <span class='ocrx_word' id='word_1_89' title='bbox 976 869 1222 918; x_wconf 81' lang='lat' dir='ltr'>Augustinus</span> <span class='ocrx_word' id='word_1_90' title='bbox 1247 878 1449 917; x_wconf 79' lang='lat' dir='ltr'><strong>argueret:</strong></span> <span class='ocrx_word' id='word_1_91' title='bbox 1485 882 1574 906; x_wconf 91' lang='lat' dir='ltr'><strong>cum</strong></span> <span class='ocrx_word' id='word_1_92' title='bbox 1600 868 1794 905; x_wconf 85' lang='lat' dir='ltr'><strong>adulteria</strong></span> <span class='ocrx_word' id='word_1_93' title='bbox 1813 881 1852 902; x_wconf 90' lang='lat'><strong>10</strong></span> 
     </span>
     <span class='ocr_line' id='line_1_13' title="bbox 483 926 1793 977; baseline -0.003 -11"><span class='ocrx_word' id='word_1_94' title='bbox 483 942 556 977; x_wconf 89' lang='lat' dir='ltr'><strong>pro</strong></span> <span class='ocrx_word' id='word_1_95' title='bbox 601 929 889 977; x_wconf 84' lang='lat' dir='ltr'><strong>pacificacione</strong></span> <span class='ocrx_word' id='word_1_96' title='bbox 940 928 1079 976; x_wconf 84' lang='lat' dir='ltr'><strong>populi</strong></span> <span class='ocrx_word' id='word_1_97' title='bbox 1125 927 1311 964; x_wconf 86' lang='lat' dir='ltr'><strong>humanis</strong></span> <span class='ocrx_word' id='word_1_98' title='bbox 1358 927 1509 975; x_wconf 78' lang='lat' dir='ltr'><strong>legibus</strong></span> <span class='ocrx_word' id='word_1_99' title='bbox 1561 926 1793 975; x_wconf 84' lang='lat' dir='ltr'><strong>puniuntur,</strong></span> 
     </span>
     <span class='ocr_line' id='line_1_14' title="bbox 483 985 1795 1035; baseline -0.002 -12"><span class='ocrx_word' id='word_1_100' title='bbox 483 989 689 1035; x_wconf 86' lang='lat' dir='ltr'><strong>quomodo</strong></span> <span class='ocrx_word' id='word_1_101' title='bbox 733 986 942 1034; x_wconf 80' lang='lat' dir='ltr'><strong>sacrilegia</strong></span> <span class='ocrx_word' id='word_1_102' title='bbox 986 998 1063 1034; x_wconf 92' lang='lat' dir='ltr'><strong>que</strong></span> <span class='ocrx_word' id='word_1_103' title='bbox 1107 985 1236 1022; x_wconf 89' lang='lat' dir='ltr'><strong>eidem</strong></span> <span class='ocrx_word' id='word_1_104' title='bbox 1269 985 1358 1033; x_wconf 88' lang='lat' dir='ltr'><strong>paci</strong></span> <span class='ocrx_word' id='word_1_105' title='bbox 1391 986 1479 1034; x_wconf 88' lang='lat' dir='ltr'><strong>plus</strong></span> <span class='ocrx_word' id='word_1_106' title='bbox 1512 985 1675 1021; x_wconf 87' lang='lat' dir='ltr'><strong>obviant</strong></span> <span class='ocrx_word' id='word_1_107' title='bbox 1707 997 1795 1032; x_wconf 89' lang='lat' dir='ltr'><strong>per-</strong></span> 
     </span>
     <span class='ocr_line' id='line_1_15' title="bbox 485 1042 1795 1092; baseline -0.002 -11"><span class='ocrx_word' id='word_1_108' title='bbox 485 1045 723 1082; x_wconf 84' lang='lat' dir='ltr'><strong>mittuntur?</strong></span> <span class='ocrx_word' id='word_1_109' title='bbox 769 1046 883 1082; x_wconf 88' lang='lat' dir='ltr'><strong>Unde</strong></span> <span class='ocrx_word' id='word_1_110' title='bbox 927 1044 1039 1092; x_wconf 87' lang='lat' dir='ltr'><strong>ponit</strong></span> <span class='ocrx_word' id='word_1_111' title='bbox 1078 1044 1303 1091; x_wconf 85' lang='lat' dir='ltr'><strong>exemplum</strong></span> <span class='ocrx_word' id='word_1_112' title='bbox 1343 1045 1389 1079; x_wconf 89' lang='lat' dir='ltr'><strong>de</strong></span> <span class='ocrx_word' id='word_1_113' title='bbox 1428 1042 1605 1091; x_wconf 89' lang='lat' dir='ltr'><strong>quinque</strong></span> <span class='ocrx_word' id='word_1_114' title='bbox 1637 1042 1795 1090; x_wconf 82' lang='lat' dir='ltr'><strong>regibus</strong></span> 
     </span>
     <span class='ocr_line' id='line_1_16' title="bbox 482 1100 1795 1153; baseline -0.003 -14"><span class='ocrx_word' id='word_1_115' title='bbox 482 1102 550 1151; x_wconf 89' lang='lat' dir='ltr'><strong>qui</strong></span> <span class='ocrx_word' id='word_1_116' title='bbox 583 1103 828 1140; x_wconf 82' lang='lat' dir='ltr'><strong>blasfemiam</strong></span> <span class='ocrx_word' id='word_1_117' title='bbox 865 1102 1092 1153; x_wconf 76' lang='lat' dir='ltr'><strong>punierunt,</strong></span> <span class='ocrx_word' id='word_1_118' title='bbox 1123 1110 1166 1137; x_wconf 91' lang='lat' dir='ltr'><strong>ut</strong></span> <span class='ocrx_word' id='word_1_119' title='bbox 1199 1110 1309 1149; x_wconf 89' lang='lat' dir='ltr'><strong>patet</strong></span> <span class='ocrx_word' id='word_1_120' title='bbox 1341 1103 1388 1137; x_wconf 95' lang='lat' dir='ltr'><strong>III</strong></span> <span class='ocrx_word' id='word_1_121' title='bbox 1422 1100 1551 1146; x_wconf 79' lang='lat' dir='ltr'><strong>huius,</strong></span> <span class='ocrx_word' id='word_1_122' title='bbox 1586 1109 1623 1136; x_wconf 93' lang='lat' dir='ltr'><strong>et</strong></span> <span class='ocrx_word' id='word_1_123' title='bbox 1649 1101 1699 1135; x_wconf 86' lang='lat' dir='ltr'><strong>VI</strong></span> <span class='ocrx_word' id='word_1_124' title='bbox 1732 1113 1795 1136; x_wconf 89' lang='lat' dir='ltr'><strong>ca-</strong></span> 
     </span>
     <span class='ocr_line' id='line_1_17' title="bbox 483 1157 1851 1209; baseline -0.002 -13"><span class='ocrx_word' id='word_1_125' title='bbox 483 1161 624 1209; x_wconf 80' lang='lat' dir='ltr'><strong>pitulo.</strong></span> <span class='ocrx_word' id='word_1_126' title='bbox 669 1164 717 1197; x_wconf 90' lang='lat' dir='ltr'><strong>Et</strong></span> <span class='ocrx_word' id='word_1_127' title='bbox 749 1173 869 1209; x_wconf 90' lang='lat' dir='ltr'><strong>super</strong></span> <span class='ocrx_word' id='word_1_128' title='bbox 901 1160 976 1196; x_wconf 90' lang='lat' dir='ltr'><strong>isto</strong></span> <span class='ocrx_word' id='word_1_129' title='bbox 1009 1161 1272 1196; x_wconf 85' lang='lat' dir='ltr'><strong>fundamento</strong></span> <span class='ocrx_word' id='word_1_130' title='bbox 1305 1159 1494 1195; x_wconf 90' lang='lat' dir='ltr'><strong>fundatur</strong></span> <span class='ocrx_word' id='word_1_131' title='bbox 1527 1158 1677 1194; x_wconf 87' lang='lat' dir='ltr'><strong>dictum</strong></span> <span class='ocrx_word' id='word_1_132' title='bbox 1712 1157 1794 1194; x_wconf 91' lang='lat' dir='ltr'><strong>Ysi-</strong></span> <span class='ocrx_word' id='word_1_133' title='bbox 1814 1160 1851 1193; x_wconf 82' lang='lat'><strong>15</strong></span> 
     </span>
     <span class='ocr_line' id='line_1_18' title="bbox 483 1215 1795 1266; baseline -0.003 -11"><span class='ocrx_word' id='word_1_134' title='bbox 483 1219 571 1255; x_wconf 88' lang='lat' dir='ltr'><strong>dori</strong></span> <span class='ocrx_word' id='word_1_135' title='bbox 594 1220 640 1255; x_wconf 90' lang='lat' dir='ltr'><strong>III</strong></span> <span class='ocrx_word' id='word_1_136' title='bbox 665 1217 1028 1266; x_wconf 83' lang='lat' dir='ltr'><strong>Ethimologiarum</strong></span> <span class='ocrx_word' id='word_1_137' title='bbox 1053 1218 1092 1253; x_wconf 92' lang='lat' dir='ltr'><strong>in</strong></span> <span class='ocrx_word' id='word_1_138' title='bbox 1116 1217 1211 1263; x_wconf 77' lang='lat' dir='ltr'><strong>fine3</strong></span> <span class='ocrx_word' id='word_1_139' title='bbox 1237 1218 1344 1265; x_wconf 84' lang='lat' dir='ltr'><strong>quod</strong></span> <span class='ocrx_word' id='word_1_140' title='bbox 1368 1215 1530 1264; x_wconf 83' lang='lat' dir='ltr'><strong>ponitur</strong></span> <span class='ocrx_word' id='word_1_141' title='bbox 1562 1216 1602 1252; x_wconf 86' lang='lat' dir='ltr'><strong>in</strong></span> <span class='ocrx_word' id='word_1_142' title='bbox 1626 1215 1795 1252; x_wconf 80' lang='lat' dir='ltr'><strong>decretis</strong></span> 
     </span>
     <span class='ocr_line' id='line_1_19' title="bbox 482 1273 1795 1325; baseline -0.002 -13"><span class='ocrx_word' id='word_1_143' title='bbox 482 1278 602 1312; x_wconf 91' lang='lat' dir='ltr'>XXIII</span> <span class='ocrx_word' id='word_1_144' title='bbox 647 1276 856 1325; x_wconf 83' lang='lat' dir='ltr'><strong>questione</strong></span> <span class='ocrx_word' id='word_1_145' title='bbox 884 1277 935 1313; x_wconf 87' lang='lat' dir='ltr'><strong>V:</strong></span> <span class='ocrx_word' id='word_1_146' title='bbox 970 1276 1169 1324; x_wconf 74' lang='lat' dir='ltr'><strong>Princzpes</strong></span> <span class='ocrx_word' id='word_1_147' title='bbox 1215 1274 1335 1311; x_wconf 82' lang='lat' dir='ltr'><strong>seculi</strong></span> <span class='ocrx_word' id='word_1_148' title='bbox 1377 1286 1645 1322; x_wconf 81' lang='lat' dir='ltr'><strong>nonnunquam</strong></span> <span class='ocrx_word' id='word_1_149' title='bbox 1690 1273 1795 1322; x_wconf 87' lang='lat' dir='ltr'><strong>infra</strong></span> 
     </span>
     <span class='ocr_line' id='line_1_20' title="bbox 484 1332 1796 1383; baseline -0.003 -13"><span class='ocrx_word' id='word_1_150' title='bbox 484 1335 696 1381; x_wconf 83' lang='lat' dir='ltr'><strong>ecclesiam,</strong></span> <span class='ocrx_word' id='word_1_151' title='bbox 729 1334 871 1383; x_wconf 79' lang='lat' dir='ltr'><strong>inquit,</strong></span> <span class='ocrx_word' id='word_1_152' title='bbox 900 1333 1104 1383; x_wconf 77' lang='lat' dir='ltr'><strong>potestatis</strong></span> <span class='ocrx_word' id='word_1_153' title='bbox 1125 1333 1262 1382; x_wconf 87' lang='lat' dir='ltr'><strong>adepte</strong></span> <span class='ocrx_word' id='word_1_154' title='bbox 1285 1332 1451 1368; x_wconf 82' lang='lat' dir='ltr'><strong>culmina</strong></span> <span class='ocrx_word' id='word_1_155' title='bbox 1484 1339 1621 1377; x_wconf 77' lang='lat' dir='ltr'><strong>‚enent‚</strong></span> <span class='ocrx_word' id='word_1_156' title='bbox 1655 1339 1695 1367; x_wconf 88' lang='lat' dir='ltr'><strong>ut</strong></span> <span class='ocrx_word' id='word_1_157' title='bbox 1720 1343 1796 1379; x_wconf 87' lang='lat' dir='ltr'><strong>per</strong></span> 
     </span>
     <span class='ocr_line' id='line_1_21' title="bbox 483 1389 1795 1442; baseline -0.003 -14"><span class='ocrx_word' id='word_1_158' title='bbox 483 1393 641 1429; x_wconf 82' lang='lat' dir='ltr'><strong>eandem</strong></span> <span class='ocrx_word' id='word_1_159' title='bbox 669 1400 898 1442; x_wconf 87' lang='lat' dir='ltr'><strong>potestatem</strong></span> <span class='ocrx_word' id='word_1_160' title='bbox 932 1390 1145 1428; x_wconf 81' lang='lat' dir='ltr'><strong>necessarie</strong></span> <span class='ocrx_word' id='word_1_161' title='bbox 1177 1403 1249 1427; x_wconf 90' lang='lat' dir='ltr'><strong>non</strong></span> <span class='ocrx_word' id='word_1_162' title='bbox 1273 1397 1397 1427; x_wconf 78' lang='lat' dir='ltr'><strong>essent</strong></span> <span class='ocrx_word' id='word_1_163' title='bbox 1418 1389 1491 1426; x_wconf 86' lang='lat' dir='ltr'><strong>nisi</strong></span> <span class='ocrx_word' id='word_1_164' title='bbox 1513 1397 1552 1425; x_wconf 81' lang='lat' dir='ltr'><strong>ut</strong></span> <span class='ocrx_word' id='word_1_165' title='bbox 1574 1389 1672 1425; x_wconf 85' lang='lat' dir='ltr'><strong>illud</strong></span> <span class='ocrx_word' id='word_1_166' title='bbox 1694 1390 1795 1438; x_wconf 80' lang='lat' dir='ltr'><strong>quod</strong></span> 
     </span>
     <span class='ocr_line' id='line_1_22' title="bbox 482 1448 1852 1500; baseline -0.004 -15"><span class='ocrx_word' id='word_1_167' title='bbox 482 1462 554 1486; x_wconf 88' lang='lat' dir='ltr'><strong>non</strong></span> <span class='ocrx_word' id='word_1_168' title='bbox 594 1451 773 1500; x_wconf 82' lang='lat' dir='ltr'><strong>prevalet</strong></span> <span class='ocrx_word' id='word_1_169' title='bbox 816 1450 999 1487; x_wconf 83' lang='lat' dir='ltr'><strong>sacerdos</strong></span> <span class='ocrx_word' id='word_1_170' title='bbox 1045 1449 1202 1499; x_wconf 86' lang='lat' dir='ltr'><strong>efficere</strong></span> <span class='ocrx_word' id='word_1_171' title='bbox 1235 1461 1310 1497; x_wconf 87' lang='lat' dir='ltr'><strong>per</strong></span> <span class='ocrx_word' id='word_1_172' title='bbox 1349 1448 1523 1484; x_wconf 82' lang='lat' dir='ltr'><strong>doctrine</strong></span> <span class='ocrx_word' id='word_1_173' title='bbox 1574 1459 1791 1484; x_wconf 85' lang='lat' dir='ltr'><strong>sermonem</strong></span> <span class='ocrx_word' id='word_1_174' title='bbox 1810 1459 1852 1481; x_wconf 87' lang='lat'><strong>20</strong></span> 
     </span>
     <span class='ocr_line' id='line_1_23' title="bbox 478 1505 1792 1557; baseline -0.004 -12"><span class='ocrx_word' id='word_1_175' title='bbox 478 1516 652 1556; x_wconf 85' lang='lat' dir='ltr'><strong>potestas</strong></span> <span class='ocrx_word' id='word_1_176' title='bbox 689 1509 760 1544; x_wconf 83' lang='lat' dir='ltr'><strong>hoc</strong></span> <span class='ocrx_word' id='word_1_177' title='bbox 797 1508 955 1557; x_wconf 83' lang='lat' dir='ltr'><strong>impleat</strong></span> <span class='ocrx_word' id='word_1_178' title='bbox 981 1519 1057 1557; x_wconf 84' lang='lat' dir='ltr'><strong>per</strong></span> <span class='ocrx_word' id='word_1_179' title='bbox 1089 1506 1288 1556; x_wconf 80' lang='lat' dir='ltr'><strong>discipline</strong></span> <span class='ocrx_word' id='word_1_180' title='bbox 1319 1514 1533 1550; x_wconf 83' lang='lat' dir='ltr'><strong>terrorem;</strong></span> <span class='ocrx_word' id='word_1_181' title='bbox 1568 1517 1657 1554; x_wconf 91' lang='lat' dir='ltr'><strong>sepe</strong></span> <span class='ocrx_word' id='word_1_182' title='bbox 1695 1505 1792 1541; x_wconf 86' lang='lat' dir='ltr'><strong>enim</strong></span> 
     </span>
     <span class='ocr_line' id='line_1_24' title="bbox 478 1563 1793 1616; baseline -0.003 -14"><span class='ocrx_word' id='word_1_183' title='bbox 478 1579 549 1615; x_wconf 87' lang='lat' dir='ltr'><strong>per</strong></span> <span class='ocrx_word' id='word_1_184' title='bbox 582 1579 746 1616; x_wconf 76' lang='lat' dir='ltr'><strong>regnum</strong></span> <span class='ocrx_word' id='word_1_185' title='bbox 780 1573 976 1601; x_wconf 83' lang='lat' dir='ltr'><strong>terrenum</strong></span> <span class='ocrx_word' id='word_1_186' title='bbox 1013 1565 1149 1601; x_wconf 82' lang='lat' dir='ltr'><strong>celeste</strong></span> <span class='ocrx_word' id='word_1_187' title='bbox 1181 1576 1345 1614; x_wconf 77' lang='lat' dir='ltr'><strong>regnum</strong></span> <span class='ocrx_word' id='word_1_188' title='bbox 1364 1563 1523 1613; x_wconf 84' lang='lat' dir='ltr'><strong>proficit</strong></span> <span class='ocrx_word' id='word_1_189' title='bbox 1545 1571 1584 1599; x_wconf 86' lang='lat' dir='ltr'><strong>nt</strong></span> <span class='ocrx_word' id='word_1_190' title='bbox 1607 1563 1670 1611; x_wconf 81' lang='lat' dir='ltr'><strong>qni</strong></span> <span class='ocrx_word' id='word_1_191' title='bbox 1691 1563 1793 1598; x_wconf 87' lang='lat' dir='ltr'><strong>intra</strong></span> 
     </span>
     <span class='ocr_line' id='line_1_25' title="bbox 483 1617 1913 1674; baseline -0.003 -14"><span class='ocrx_word' id='word_1_192' title='bbox 483 1625 681 1660; x_wconf 83' lang='lat' dir='ltr'><strong>ecclesiam</strong></span> <span class='ocrx_word' id='word_1_193' title='bbox 708 1624 827 1673; x_wconf 88' lang='lat' dir='ltr'><strong>positi</strong></span> <span class='ocrx_word' id='word_1_194' title='bbox 855 1631 989 1659; x_wconf 89' lang='lat' dir='ltr'><strong>contra</strong></span> <span class='ocrx_word' id='word_1_195' title='bbox 1010 1623 1136 1674; x_wconf 85' lang='lat' dir='ltr'><strong>fidem</strong></span> <span class='ocrx_word' id='word_1_196' title='bbox 1169 1630 1203 1658; x_wconf 89' lang='lat' dir='ltr'><strong>et</strong></span> <span class='ocrx_word' id='word_1_197' title='bbox 1233 1617 1635 1672; x_wconf 59' lang='lat' dir='ltr'><strong>disciplinam{agunt</strong></span> <span class='ocrx_word' id='word_1_198' title='bbox 1659 1620 1795 1670; x_wconf 77' lang='lat' dir='ltr'><strong>rigore</strong></span> <span class='ocrx_word' id='word_1_199' title='bbox 1837 1622 1913 1656; x_wconf 71' lang='lat'><strong>185⁶</strong></span> 
     </span>
     <span class='ocr_line' id='line_1_26' title="bbox 479 1678 1793 1731; baseline -0.002 -14"><span class='ocrx_word' id='word_1_200' title='bbox 479 1682 696 1731; x_wconf 83' lang='lat' dir='ltr'><strong>principum</strong></span> <span class='ocrx_word' id='word_1_201' title='bbox 737 1689 999 1718; x_wconf 86' lang='lat' dir='ltr'><strong>conterantur.</strong></span> <span class='ocrx_word' id='word_1_202' title='bbox 1054 1683 1155 1717; x_wconf 86' lang='lat' dir='ltr'><strong>Ecce</strong></span> <span class='ocrx_word' id='word_1_203' title='bbox 1194 1680 1398 1728; x_wconf 84' lang='lat' dir='ltr'><strong>quomodo</strong></span> <span class='ocrx_word' id='word_1_204' title='bbox 1437 1679 1638 1727; x_wconf 84' lang='lat' dir='ltr'><strong>principes</strong></span> <span class='ocrx_word' id='word_1_205' title='bbox 1671 1678 1793 1715; x_wconf 87' lang='lat' dir='ltr'><strong>seculi</strong></span> 
     </span>
     <span class='ocr_line' id='line_1_27' title="bbox 485 1738 1849 1787; baseline -0.004 -11"><span class='ocrx_word' id='word_1_206' title='bbox 485 1741 630 1775; x_wconf 90' lang='lat' dir='ltr'><strong>debent</strong></span> <span class='ocrx_word' id='word_1_207' title='bbox 653 1741 700 1776; x_wconf 89' lang='lat' dir='ltr'><strong>de</strong></span> <span class='ocrx_word' id='word_1_208' title='bbox 722 1739 958 1775; x_wconf 85' lang='lat' dir='ltr'><strong>infidelitate</strong></span> <span class='ocrx_word' id='word_1_209' title='bbox 981 1738 1122 1787; x_wconf 87' lang='lat' dir='ltr'><strong>punire</strong></span> <span class='ocrx_word' id='word_1_210' title='bbox 1146 1747 1183 1774; x_wconf 91' lang='lat' dir='ltr'><strong>et</strong></span> <span class='ocrx_word' id='word_1_211' title='bbox 1205 1750 1275 1786; x_wconf 88' lang='lat' dir='ltr'><strong>per</strong></span> <span class='ocrx_word' id='word_1_212' title='bbox 1290 1749 1537 1785; x_wconf 87' lang='lat' dir='ltr'><strong>consequens</strong></span> <span class='ocrx_word' id='word_1_213' title='bbox 1554 1749 1793 1784; x_wconf 83' lang='lat' dir='ltr'><strong>cognoscere</strong></span> <span class='ocrx_word' id='word_1_214' title='bbox 1811 1738 1849 1770; x_wconf 79' lang='lat'><strong>25</strong></span> 
     </span>
     <span class='ocr_line' id='line_1_28' title="bbox 486 1795 1795 1845; baseline -0.002 -12"><span class='ocrx_word' id='word_1_215' title='bbox 486 1811 606 1845; x_wconf 88' lang='lat' dir='ltr'><strong>quam</strong></span> <span class='ocrx_word' id='word_1_216' title='bbox 630 1797 823 1834; x_wconf 77' lang='lat' dir='ltr'><strong>noticiam</strong></span> <span class='ocrx_word' id='word_1_217' title='bbox 849 1798 995 1833; x_wconf 84' lang='lat' dir='ltr'><strong>habere</strong></span> <span class='ocrx_word' id='word_1_218' title='bbox 1019 1805 1204 1833; x_wconf 87' lang='lat' dir='ltr'><strong>tenentur</strong></span> <span class='ocrx_word' id='word_1_219' title='bbox 1227 1809 1248 1832; x_wconf 91' lang='lat' dir='ltr'><strong>a</strong></span> <span class='ocrx_word' id='word_1_220' title='bbox 1273 1795 1443 1839; x_wconf 81' lang='lat' dir='ltr'><strong>Christo,</strong></span> <span class='ocrx_word' id='word_1_221' title='bbox 1479 1795 1509 1831; x_wconf 92' lang='lat' dir='ltr'><strong>si</strong></span> <span class='ocrx_word' id='word_1_222' title='bbox 1533 1808 1614 1831; x_wconf 90' lang='lat' dir='ltr'><strong>non</strong></span> <span class='ocrx_word' id='word_1_223' title='bbox 1646 1795 1795 1831; x_wconf 85' lang='lat' dir='ltr'><strong>habent</strong></span> 
     </span>
     <span class='ocr_line' id='line_1_29' title="bbox 485 1852 1796 1903; baseline -0.002 -12"><span class='ocrx_word' id='word_1_224' title='bbox 485 1857 533 1891; x_wconf 86' lang='lat' dir='ltr'><strong>ab</strong></span> <span class='ocrx_word' id='word_1_225' title='bbox 557 1855 694 1903; x_wconf 84' lang='lat' dir='ltr'><strong>aliquo</strong></span> <span class='ocrx_word' id='word_1_226' title='bbox 717 1856 937 1892; x_wconf 85' lang='lat' dir='ltr'><strong>sacerdote.</strong></span> <span class='ocrx_word' id='word_1_227' title='bbox 968 1856 1081 1891; x_wconf 87' lang='lat' dir='ltr'><strong>Unde</strong></span> <span class='ocrx_word' id='word_1_228' title='bbox 1104 1853 1304 1890; x_wconf 81' lang='lat' dir='ltr'><strong>subditur:</strong></span> <span class='ocrx_word' id='word_1_229' title='bbox 1334 1854 1581 1903; x_wconf 73' lang='lat' dir='ltr'><strong>Cognoscant</strong></span> <span class='ocrx_word' id='word_1_230' title='bbox 1597 1852 1796 1902; x_wconf 87' lang='lat' dir='ltr'><strong>principes</strong></span> 
     </span>
     <span class='ocr_line' id='line_1_30' title="bbox 484 1911 1796 1960; baseline -0.002 -11"><span class='ocrx_word' id='word_1_231' title='bbox 484 1914 604 1949; x_wconf 80' lang='lat' dir='ltr'><strong>seculi</strong></span> <span class='ocrx_word' id='word_1_232' title='bbox 633 1914 717 1949; x_wconf 88' lang='lat' dir='ltr'><strong>Deo</strong></span> <span class='ocrx_word' id='word_1_233' title='bbox 749 1926 789 1949; x_wconf 88' lang='lat' dir='ltr'><strong>se</strong></span> <span class='ocrx_word' id='word_1_234' title='bbox 834 1914 970 1948; x_wconf 82' lang='lat' dir='ltr'><strong>dehere</strong></span> <span class='ocrx_word' id='word_1_235' title='bbox 1013 1925 1094 1949; x_wconf 80' lang='lat' dir='ltr'><strong>esse</strong></span> <span class='ocrx_word' id='word_1_236' title='bbox 1137 1912 1331 1947; x_wconf 83' lang='lat' dir='ltr'><strong>racionem</strong></span> <span class='ocrx_word' id='word_1_237' title='bbox 1370 1911 1596 1947; x_wconf 78' lang='lat' dir='ltr'><strong>reddituros</strong></span> <span class='ocrx_word' id='word_1_238' title='bbox 1629 1918 1796 1960; x_wconf 89' lang='lat' dir='ltr'><strong>propter</strong></span> 
     </span>
     <span class='ocr_line' id='line_1_31' title="bbox 485 1968 1796 2019; baseline -0.002 -12"><span class='ocrx_word' id='word_1_239' title='bbox 485 1971 683 2007; x_wconf 84' lang='lat' dir='ltr'><strong>ecclesiam</strong></span> <span class='ocrx_word' id='word_1_240' title='bbox 728 1983 841 2019; x_wconf 78' lang='lat' dir='ltr'><strong>quam</strong></span> <span class='ocrx_word' id='word_1_241' title='bbox 886 1970 1040 2007; x_wconf 83' lang='lat' dir='ltr'><strong>Christo</strong></span> <span class='ocrx_word' id='word_1_242' title='bbox 1085 1970 1264 2006; x_wconf 82' lang='lat' dir='ltr'><strong>tuendam</strong></span> <span class='ocrx_word' id='word_1_243' title='bbox 1311 1969 1515 2018; x_wconf 77' lang='lat' dir='ltr'><strong>accipiunt.</strong></span> <span class='ocrx_word' id='word_1_244' title='bbox 1568 1969 1669 2004; x_wconf 83' lang='lat' dir='ltr'><strong>Nam</strong></span> <span class='ocrx_word' id='word_1_245' title='bbox 1716 1968 1796 2004; x_wconf 79' lang='lat' dir='ltr'><strong>sive</strong></span> 
     </span>
     <span class='ocr_line' id='line_1_32' title="bbox 485 2026 1854 2079; baseline -0.002 -15"><span class='ocrx_word' id='word_1_246' title='bbox 485 2036 678 2079; x_wconf 74' lang='lat' dir='ltr'><strong>augeatur</strong></span> <span class='ocrx_word' id='word_1_247' title='bbox 711 2041 798 2077; x_wconf 77' lang='lat' dir='ltr'><strong>pax·</strong></span> <span class='ocrx_word' id='word_1_248' title='bbox 835 2036 869 2064; x_wconf 90' lang='lat' dir='ltr'><strong>et</strong></span> <span class='ocrx_word' id='word_1_249' title='bbox 908 2028 1108 2077; x_wconf 83' lang='lat' dir='ltr'><strong>disciplina</strong></span> <span class='ocrx_word' id='word_1_250' title='bbox 1141 2027 1296 2063; x_wconf 82' lang='lat' dir='ltr'><strong>ecclesie</strong></span> <span class='ocrx_word' id='word_1_251' title='bbox 1323 2039 1396 2076; x_wconf 88' lang='lat' dir='ltr'><strong>per</strong></span> <span class='ocrx_word' id='word_1_252' title='bbox 1423 2027 1566 2074; x_wconf 88' lang='lat' dir='ltr'><strong>fideles</strong></span> <span class='ocrx_word' id='word_1_253' title='bbox 1600 2026 1796 2075; x_wconf 85' lang='lat' dir='ltr'><strong>principes</strong></span> <span class='ocrx_word' id='word_1_254' title='bbox 1813 2037 1854 2060; x_wconf 70' lang='lat'><strong>³0</strong></span> 
     </span>
     <span class='ocr_line' id='line_1_33' title="bbox 485 2084 1794 2134; baseline -0.002 -12"><span class='ocrx_word' id='word_1_255' title='bbox 485 2087 565 2122; x_wconf 83' lang='lat' dir='ltr'><strong>sive</strong></span> <span class='ocrx_word' id='word_1_256' title='bbox 607 2087 796 2131; x_wconf 76' lang='lat' dir='ltr'><strong>solvatur,</strong></span> <span class='ocrx_word' id='word_1_257' title='bbox 841 2086 905 2121; x_wconf 92' lang='lat' dir='ltr'><strong>ille</strong></span> <span class='ocrx_word' id='word_1_258' title='bbox 947 2087 993 2122; x_wconf 83' lang='lat' dir='ltr'><strong>ab</strong></span> <span class='ocrx_word' id='word_1_259' title='bbox 1039 2086 1090 2122; x_wconf 88' lang='lat' dir='ltr'><strong>eis</strong></span> <span class='ocrx_word' id='word_1_260' title='bbox 1134 2085 1327 2120; x_wconf 82' lang='lat' dir='ltr'><strong>racionem</strong></span> <span class='ocrx_word' id='word_1_261' title='bbox 1379 2084 1504 2134; x_wconf 72' lang='lat' dir='ltr'><strong>exigit</strong></span> <span class='ocrx_word' id='word_1_262' title='bbox 1548 2084 1614 2133; x_wconf 79' lang='lat' dir='ltr'><strong>qui</strong></span> <span class='ocrx_word' id='word_1_263' title='bbox 1661 2096 1794 2120; x_wconf 84' lang='lat' dir='ltr'><strong>eornnz</strong></span> 
     </span>
     <span class='ocr_line' id='line_1_34' title="bbox 483 2141 1795 2193; baseline -0.002 -13"><span class='ocrx_word' id='word_1_264' title='bbox 483 2145 668 2193; x_wconf 82' lang='lat' dir='ltr'><strong>potestati</strong></span> <span class='ocrx_word' id='word_1_265' title='bbox 696 2157 804 2180; x_wconf 80' lang='lat' dir='ltr'><strong>suam</strong></span> <span class='ocrx_word' id='word_1_266' title='bbox 838 2144 1035 2180; x_wconf 86' lang='lat' dir='ltr'><strong>ecclesiam</strong></span> <span class='ocrx_word' id='word_1_267' title='bbox 1070 2143 1246 2179; x_wconf 82' lang='lat' dir='ltr'><strong>credidit.</strong></span> <span class='ocrx_word' id='word_1_268' title='bbox 1282 2143 1395 2179; x_wconf 88' lang='lat' dir='ltr'><strong>Unde</strong></span> <span class='ocrx_word' id='word_1_269' title='bbox 1434 2151 1493 2189; x_wconf 43' lang='lat' dir='ltr'><strong>tut</strong></span> <span class='ocrx_word' id='word_1_270' title='bbox 1525 2141 1623 2178; x_wconf 85' lang='lat' dir='ltr'><strong>alias</strong></span> <span class='ocrx_word' id='word_1_271' title='bbox 1656 2141 1795 2178; x_wconf 83' lang='lat' dir='ltr'><strong>diffuse</strong></span> 
     </span>
     <span class='ocr_line' id='line_1_35' title="bbox 487 2199 1795 2252; baseline -0.003 -14"><span class='ocrx_word' id='word_1_272' title='bbox 487 2200 659 2252; x_wconf 86' lang='lat' dir='ltr'><strong>ostendi)</strong></span> <span class='ocrx_word' id='word_1_273' title='bbox 696 2201 992 2238; x_wconf 83' lang='lat' dir='ltr'><strong>iurisdiccionis</strong></span> <span class='ocrx_word' id='word_1_274' title='bbox 1016 2200 1197 2238; x_wconf 84' lang='lat' dir='ltr'><strong>confusio</strong></span> <span class='ocrx_word' id='word_1_275' title='bbox 1221 2213 1301 2237; x_wconf 91' lang='lat' dir='ltr'><strong>non</strong></span> <span class='ocrx_word' id='word_1_276' title='bbox 1325 2200 1492 2248; x_wconf 88' lang='lat' dir='ltr'><strong>impedit</strong></span> <span class='ocrx_word' id='word_1_277' title='bbox 1523 2199 1619 2247; x_wconf 88' lang='lat' dir='ltr'><strong>quin</strong></span> <span class='ocrx_word' id='word_1_278' title='bbox 1643 2199 1795 2235; x_wconf 89' lang='lat' dir='ltr'><strong>domini</strong></span> 
     </span>
     <span class='ocr_line' id='line_1_36' title="bbox 488 2257 1795 2306; baseline -0.002 -10"><span class='ocrx_word' id='word_1_279' title='bbox 488 2261 686 2297; x_wconf 85' lang='lat' dir='ltr'><strong>seculares</strong></span> <span class='ocrx_word' id='word_1_280' title='bbox 726 2268 911 2296; x_wconf 85' lang='lat' dir='ltr'><strong>tenentur</strong></span> <span class='ocrx_word' id='word_1_281' title='bbox 949 2260 988 2295; x_wconf 92' lang='lat' dir='ltr'><strong>in</strong></span> <span class='ocrx_word' id='word_1_282' title='bbox 1028 2272 1148 2296; x_wconf 84' lang='lat' dir='ltr'><strong>causa</strong></span> <span class='ocrx_word' id='word_1_283' title='bbox 1186 2258 1258 2295; x_wconf 88' lang='lat' dir='ltr'><strong>Dei</strong></span> <span class='ocrx_word' id='word_1_284' title='bbox 1299 2257 1423 2294; x_wconf 82' lang='lat' dir='ltr'><strong>eciam</strong></span> <span class='ocrx_word' id='word_1_285' title='bbox 1465 2259 1597 2306; x_wconf 83' lang='lat' dir='ltr'><strong>quoad</strong></span> <span class='ocrx_word' id='word_1_286' title='bbox 1635 2266 1795 2294; x_wconf 83' lang='lat' dir='ltr'><strong>vocatos</strong></span> 
     </span>
     <span class='ocr_line' id='line_1_37' title="bbox 487 2314 1852 2365; baseline -0.003 -11"><span class='ocrx_word' id='word_1_287' title='bbox 487 2319 714 2354; x_wconf 85' lang='lat' dir='ltr'><strong>sacerdotes</strong></span> <span class='ocrx_word' id='word_1_288' title='bbox 747 2330 1004 2365; x_wconf 80' lang='lat' dir='ltr'><strong>cognoscere;</strong></span> <span class='ocrx_word' id='word_1_289' title='bbox 1037 2330 1129 2353; x_wconf 88' lang='lat' dir='ltr'><strong>nam</strong></span> <span class='ocrx_word' id='word_1_290' title='bbox 1164 2317 1384 2352; x_wconf 88' lang='lat' dir='ltr'><strong>secundum</strong></span> <span class='ocrx_word' id='word_1_291' title='bbox 1409 2315 1653 2351; x_wconf 88' lang='lat' dir='ltr'><strong>sentenciam</strong></span> <span class='ocrx_word' id='word_1_292' title='bbox 1679 2314 1795 2350; x_wconf 91' lang='lat' dir='ltr'><strong>huius</strong></span> <span class='ocrx_word' id='word_1_293' title='bbox 1813 2317 1852 2350; x_wconf 75' lang='lat'><strong>35</strong></span> 
     </span>
     <span class='ocr_line' id='line_1_38' title="bbox 488 2372 1796 2422; baseline -0.002 -11"><span class='ocrx_word' id='word_1_294' title='bbox 488 2375 613 2412; x_wconf 87' lang='lat' dir='ltr'><strong>sancti</strong></span> <span class='ocrx_word' id='word_1_295' title='bbox 659 2376 833 2412; x_wconf 87' lang='lat' dir='ltr'><strong>doctoris</strong></span> <span class='ocrx_word' id='word_1_296' title='bbox 878 2375 1009 2412; x_wconf 89' lang='lat' dir='ltr'><strong>omnis</strong></span> <span class='ocrx_word' id='word_1_297' title='bbox 1054 2376 1239 2411; x_wconf 78' lang='lat' dir='ltr'><strong>sacerdos</strong></span> <span class='ocrx_word' id='word_1_298' title='bbox 1281 2386 1451 2422; x_wconf 87' lang='lat' dir='ltr'><strong>peccans</strong></span> <span class='ocrx_word' id='word_1_299' title='bbox 1486 2373 1707 2410; x_wconf 84' lang='lat' dir='ltr'><strong>mortaliter</strong></span> <span class='ocrx_word' id='word_1_300' title='bbox 1739 2372 1796 2408; x_wconf 90' lang='lat' dir='ltr'><strong>in-</strong></span> 
     </span>
    </p>
   </div>
   <div class='ocr_carea' id='block_1_4' title="bbox 484 2564 1798 2706">
    <p class='ocr_par' dir='ltr' id='par_1_4' title="bbox 484 2564 1798 2706">
     <span class='ocr_line' id='line_1_39' title="bbox 558 2564 1798 2601; baseline -0.003 -7"><span class='ocrx_word' id='word_1_301' title='bbox 558 2575 583 2601; x_wconf 78' lang='lat'><strong>7.</strong></span> <span class='ocrx_word' id='word_1_302' title='bbox 606 2567 701 2594; x_wconf 88' lang='lat' dir='ltr'><strong>Cod.:</strong></span> <span class='ocrx_word' id='word_1_303' title='bbox 727 2567 769 2594; x_wconf 82' lang='lat' dir='ltr'><strong>ad</strong></span> <span class='ocrx_word' id='word_1_304' title='bbox 794 2575 869 2598; x_wconf 81' lang='lat' dir='ltr'><strong>nos;</strong></span> <span class='ocrx_word' id='word_1_305' title='bbox 900 2567 940 2593; x_wconf 83' lang='lat' dir='ltr'><strong>ib.</strong></span> <span class='ocrx_word' id='word_1_306' title='bbox 963 2565 1057 2593; x_wconf 84' lang='lat' dir='ltr'><strong>Cod.:</strong></span> <span class='ocrx_word' id='word_1_307' title='bbox 1085 2566 1115 2593; x_wconf 84' lang='lat' dir='ltr'><strong>in</strong></span> <span class='ocrx_word' id='word_1_308' title='bbox 1143 2573 1243 2601; x_wconf 65' lang='lat' dir='ltr'><strong>regno</strong></span> <span class='ocrx_word' id='word_1_309' title='bbox 1270 2568 1371 2592; x_wconf 71' lang='lat' dir='ltr'><strong>vestro</strong></span> <span class='ocrx_word' id='word_1_310' title='bbox 1398 2565 1492 2592; x_wconf 84' lang='lat' dir='ltr'><strong>deest.</strong></span> <span class='ocrx_word' id='word_1_311' title='bbox 1566 2564 1593 2592; x_wconf 72' lang='lat' dir='ltr'><strong>S.</strong></span> <span class='ocrx_word' id='word_1_312' title='bbox 1615 2564 1711 2591; x_wconf 88' lang='lat' dir='ltr'><strong>Cod.:</strong></span> <span class='ocrx_word' id='word_1_313' title='bbox 1738 2572 1798 2591; x_wconf 82' lang='lat' dir='ltr'><strong>non</strong></span> 
     </span>
     <span class='ocr_line' id='line_1_40' title="bbox 488 2599 1796 2637; baseline -0.003 -9"><span class='ocrx_word' id='word_1_314' title='bbox 488 2602 584 2628; x_wconf 80' lang='lat' dir='ltr'><strong>deest.</strong></span> <span class='ocrx_word' id='word_1_315' title='bbox 693 2609 720 2636; x_wconf 74' lang='lat'><strong>9.</strong></span> <span class='ocrx_word' id='word_1_316' title='bbox 755 2601 850 2628; x_wconf 86' lang='lat' dir='ltr'><strong>Cod.:</strong></span> <span class='ocrx_word' id='word_1_317' title='bbox 880 2601 1025 2637; x_wconf 80' lang='lat' dir='ltr'><strong>pertinet.</strong></span> <span class='ocrx_word' id='word_1_318' title='bbox 1139 2608 1177 2635; x_wconf 85' lang='lat'><strong>17.</strong></span> <span class='ocrx_word' id='word_1_319' title='bbox 1212 2600 1307 2627; x_wconf 77' lang='lat' dir='ltr'><strong>Cod.:</strong></span> <span class='ocrx_word' id='word_1_320' title='bbox 1340 2600 1438 2626; x_wconf 82' lang='lat' dir='ltr'><strong>seculi</strong></span> <span class='ocrx_word' id='word_1_321' title='bbox 1466 2606 1670 2633; x_wconf 76' lang='lat' dir='ltr'><strong>nonumquanz</strong></span> <span class='ocrx_word' id='word_1_322' title='bbox 1704 2599 1796 2626; x_wconf 81' lang='lat' dir='ltr'><strong>deest.</strong></span> 
     </span>
     <span class='ocr_line' id='line_1_41' title="bbox 490 2633 1795 2671; baseline -0.003 -8"><span class='ocrx_word' id='word_1_323' title='bbox 490 2636 528 2664; x_wconf 76' lang='lat'><strong>18.</strong></span> <span class='ocrx_word' id='word_1_324' title='bbox 545 2636 622 2663; x_wconf 85' lang='lat' dir='ltr'><strong>Cod.</strong></span> <span class='ocrx_word' id='word_1_325' title='bbox 634 2646 639 2663; x_wconf 70' lang='grc' dir='ltr'><strong><em>ς</em></strong></span> <span class='ocrx_word' id='word_1_326' title='bbox 652 2640 832 2671; x_wconf 76' lang='lat' dir='ltr'><strong>potestates.</strong></span> <span class='ocrx_word' id='word_1_327' title='bbox 906 2636 1015 2670; x_wconf 76' lang='lat'><strong>18—19.</strong></span> <span class='ocrx_word' id='word_1_328' title='bbox 1033 2635 1125 2662; x_wconf 80' lang='lat' dir='ltr'><strong>Cod.:</strong></span> <span class='ocrx_word' id='word_1_329' title='bbox 1143 2635 1480 2669; x_wconf 80' lang='lat' dir='ltr'><strong>adepte-potestatem</strong></span> <span class='ocrx_word' id='word_1_330' title='bbox 1496 2634 1588 2660; x_wconf 79' lang='lat' dir='ltr'><strong>deest.</strong></span> <span class='ocrx_word' id='word_1_331' title='bbox 1646 2642 1691 2660; x_wconf 76' lang='lat'><strong>20.</strong></span> <span class='ocrx_word' id='word_1_332' title='bbox 1703 2633 1795 2661; x_wconf 77' lang='lat' dir='ltr'><strong>Cod.:</strong></span> 
     </span>
     <span class='ocr_line' id='line_1_42' title="bbox 484 2671 849 2706; baseline 0.003 -9"><span class='ocrx_word' id='word_1_333' title='bbox 484 2671 646 2706; x_wconf 71' lang='lat' dir='ltr'><strong>prevalent</strong></span> <span class='ocrx_word' id='word_1_334' title='bbox 665 2671 849 2698; x_wconf 74' lang='lat' dir='ltr'><strong>sacerdotes.</strong></span> 
     </span>
    </p>
   </div>
   <div class='ocr_carea' id='block_1_5' title="bbox 489 2751 1800 2886">
    <p class='ocr_par' dir='ltr' id='par_1_5' title="bbox 489 2751 1800 2886">
     <span class='ocr_line' id='line_1_43' title="bbox 557 2751 1798 2795; baseline -0.002 -11"><span class='ocrx_word' id='word_1_335' title='bbox 557 2764 590 2793; x_wconf 82' lang='lat'><strong>4.</strong></span> <span class='ocrx_word' id='word_1_336' title='bbox 610 2754 655 2784; x_wconf 83' lang='lat' dir='ltr'><strong>St.</strong></span> <span class='ocrx_word' id='word_1_337' title='bbox 676 2754 860 2795; x_wconf 73' lang='lat' dir='ltr'><strong>Augustini</strong></span> <span class='ocrx_word' id='word_1_338' title='bbox 882 2753 973 2794; x_wconf 80' lang='lat' dir='ltr'><strong>Opp.</strong></span> <span class='ocrx_word' id='word_1_339' title='bbox 991 2759 1076 2784; x_wconf 90' lang='lat' dir='ltr'><strong>tom.</strong></span> <span class='ocrx_word' id='word_1_340' title='bbox 1096 2753 1134 2792; x_wconf 88' lang='grc'><strong>11,</strong></span> <span class='ocrx_word' id='word_1_341' title='bbox 1154 2752 1215 2783; x_wconf 73' lang='lat'><strong>651</strong></span> <span class='ocrx_word' id='word_1_342' title='bbox 1246 2752 1326 2794; x_wconf 83' lang='lat' dir='ltr'><strong>(Ep.</strong></span> <span class='ocrx_word' id='word_1_343' title='bbox 1354 2751 1566 2793; x_wconf 77' lang='lat' dir='ltr'><strong>CLXXXV).</strong></span> <span class='ocrx_word' id='word_1_344' title='bbox 1638 2761 1686 2791; x_wconf 78' lang='lat'><strong>14.</strong></span> <span class='ocrx_word' id='word_1_345' title='bbox 1712 2751 1798 2782; x_wconf 80' lang='lat' dir='ltr'><strong>Rec-</strong></span> 
     </span>
     <span class='ocr_line' id='line_1_44' title="bbox 489 2797 1800 2841; baseline -0.001 -12"><span class='ocrx_word' id='word_1_346' title='bbox 489 2799 559 2830; x_wconf 86' lang='lat' dir='ltr'><strong>tius</strong></span> <span class='ocrx_word' id='word_1_347' title='bbox 585 2798 638 2841; x_wconf 89' lang='lat' dir='ltr'><strong>(ut</strong></span> <span class='ocrx_word' id='word_1_348' title='bbox 663 2799 816 2841; x_wconf 82' lang='lat' dir='ltr'><strong>videtur)</strong></span> <span class='ocrx_word' id='word_1_349' title='bbox 841 2800 892 2830; x_wconf 92' lang='lat' dir='ltr'><strong>De</strong></span> <span class='ocrx_word' id='word_1_350' title='bbox 920 2800 992 2830; x_wconf 90' lang='lat' dir='ltr'><strong>Civ.</strong></span> <span class='ocrx_word' id='word_1_351' title='bbox 1023 2800 1124 2829; x_wconf 79' lang='lat' dir='ltr'><strong>Dom.</strong></span> <span class='ocrx_word' id='word_1_352' title='bbox 1151 2799 1173 2833; x_wconf 83' lang='grc'><strong>1,</strong></span> <span class='ocrx_word' id='word_1_353' title='bbox 1200 2808 1255 2838; x_wconf 84' lang='lat'><strong>44.</strong></span> <span class='ocrx_word' id='word_1_354' title='bbox 1403 2797 1452 2828; x_wconf 78' lang='lat'><strong>15.</strong></span> <span class='ocrx_word' id='word_1_355' title='bbox 1479 2798 1562 2839; x_wconf 84' lang='lat' dir='ltr'><strong>Cap.</strong></span> <span class='ocrx_word' id='word_1_356' title='bbox 1582 2797 1653 2829; x_wconf 80' lang='lat' dir='ltr'><strong>XX.</strong></span> <span class='ocrx_word' id='word_1_357' title='bbox 1681 2798 1723 2829; x_wconf 81' lang='lat' dir='ltr'><strong>Et</strong></span> <span class='ocrx_word' id='word_1_358' title='bbox 1749 2803 1800 2829; x_wconf 88' lang='lat' dir='ltr'><strong>est</strong></span> 
     </span>
     <span class='ocr_line' id='line_1_45' title="bbox 490 2845 1316 2886; baseline -0.001 -10"><span class='ocrx_word' id='word_1_359' title='bbox 490 2846 609 2876; x_wconf 82' lang='lat' dir='ltr'><strong>Isidori</strong></span> <span class='ocrx_word' id='word_1_360' title='bbox 635 2846 691 2876; x_wconf 81' lang='lat' dir='ltr'><strong>lib.</strong></span> <span class='ocrx_word' id='word_1_361' title='bbox 712 2846 751 2877; x_wconf 87' lang='grc'><strong>111</strong></span> <span class='ocrx_word' id='word_1_362' title='bbox 781 2847 823 2877; x_wconf 89' lang='lat' dir='ltr'><strong>de</strong></span> <span class='ocrx_word' id='word_1_363' title='bbox 847 2856 985 2877; x_wconf 87' lang='lat' dir='ltr'><strong>summo</strong></span> <span class='ocrx_word' id='word_1_364' title='bbox 1011 2846 1104 2877; x_wconf 77' lang='lat' dir='ltr'><strong>bono</strong></span> <span class='ocrx_word' id='word_1_365' title='bbox 1132 2855 1203 2886; x_wconf 85' lang='lat' dir='ltr'><strong>cap.</strong></span> <span class='ocrx_word' id='word_1_366' title='bbox 1233 2845 1316 2876; x_wconf 82' lang='lat' dir='ltr'>LIII.</span> 
     </span>
    </p>
   </div>
  </div>
 </body>
</html>
