2050 3292
208 217 300 244 cAP.
320 206 446 260 xxm]
682 218 815 249 lrlssER
842 217 1050 249 TERTIUS.
1724 215 1744 252 5
1757 216 1798 241 11

207 325 340 373 quoad
363 323 650 361 sufficienciam
676 323 902 371 utriusque3
935 323 994 359 vel
1018 322 1183 360 semotis
1212 322 1297 358 istis
1329 320 1516 357 omnibus

207 381 504 430 impedimentis
544 390 581 418 et
612 380 822 429 supposita
860 381 964 417 facta
998 380 1244 418 revelacione
1285 380 1392 428 quod
1426 391 1517 426 pro-

205 440 335 476 ximus
368 439 599 476 mendicans
633 438 682 474 sit
714 438 754 474 in
789 437 935 475 minori
968 438 1116 487 gracia,
1151 439 1280 474 adhuc
1308 446 1384 473 stat
1408 438 1516 483 quod

207 496 399 534 extinccio
424 495 643 544 corporalis
666 495 866 532 existentis
888 495 929 531 in
954 495 1097 532 maiori
1130 495 1264 543 gracia
1297 495 1348 531 sit
1380 494 1517 530 utilior

88 558 168 601 207d
207 554 372 591 ecclesie
416 567 537 603 quam
583 553 776 591 extinccio
809 553 971 590 alterius
1009 552 1257 601 occupantis,
1288 550 1292 603 1
1321 551 1376 589 sic
1409 552 1517 600 quod

206 613 311 649 facta
343 611 590 649 revelacione
633 619 801 659 uterque
844 624 918 659 pro
964 610 1107 647 maiori
1146 610 1318 647 utilitate
1352 609 1517 646 ecclesie

206 683 326 718 quam
360 669 523 706 alterius
564 669 755 718 gracioris
787 669 910 716 gratis
943 670 1102 705 cederet
1142 668 1273 704 minus
1306 676 1434 716 grato,
1480 675 1517 703 et

205 728 271 764 ille
304 727 426 776 gratis
459 740 505 764 ac
538 726 740 764 meritorie
774 727 926 763 detinet
959 728 1007 763 ab
1041 727 1167 763 altero
1201 728 1307 762 bona
1340 724 1517 764 ecclesie.

206 786 283 822 Sed
317 785 450 833 posito
482 786 589 834 quod
623 797 862 833 quecunque
894 796 1064 833 persona
1099 783 1367 821 ecclesiastica
1399 788 1559 819 occu-A
1580 795 1651 833 m‘an
1676 796 1744 820 may
1772 788 1807 814 be

154 856 304 892 iopans
328 842 559 879 huiusmodi
596 844 700 879 bona
731 842 897 879 ecclesie
931 851 1148 890 cognoscat
1172 842 1232 878 vel
1255 840 1518 890 probabiliter
1543 823 1793 885 ἓζέξῆἶῑῑῖῑὴῗιξὲ

206 902 342 938 credat
374 909 443 937 aut
467 902 561 937 dare
584 902 726 937 debeat
750 899 874 936 alium
898 901 985 948 plus
1011 912 1051 936 se
1074 899 1252 948 indigere
1276 910 1517 947 quocunque
1532 898 1599 922 eost
1618 893 1717 956 Oiif'gis
1738 900 1808 919 own

205 961 312 995 bono
344 959 452 1006 quod
485 967 656 1006 occupat
695 966 731 994 et
765 970 850 994 esse
902 970 976 994 usu
1028 958 1110 994 eius
1162 956 1339 994 sensibili
1392 955 1518 1004 magis

206 1015 371 1064 dignum
404 1024 561 1053 tenetur
593 1028 637 1052 ex
668 1016 754 1064 lege
790 1015 968 1052 caritatis
1000 1015 1074 1051 sibi
1091 1016 1246 1062 cedere,
1277 1013 1402 1051 eciam
1426 1014 1518 1051 licet

206 1086 249 1111 ex
293 1073 473 1110 cessione
517 1073 745 1110 huiusmodi
794 1086 901 1110 mors
945 1083 1155 1122 sequatur3
1202 1081 1311 1121 patet
1356 1084 1399 1108 ex
1443 1072 1519 1108 hoc

154 1135 190 1167 15
206 1132 314 1180 quod
347 1133 441 1168 dato
474 1140 679 1180 assumpto
723 1131 796 1168 scit
828 1132 889 1168 vel
921 1131 1046 1168 credit
1078 1132 1186 1180 quod
1225 1131 1327 1167 foret
1365 1130 1413 1167 de
1447 1129 1518 1166 Dei

207 1189 461 1237 beneplacito
493 1198 536 1225 ut
568 1189 669 1226 alius
700 1190 935 1237 preferatur.

138 1251 167 1282 X
265 1248 356 1284 ldeo
401 1247 608 1283 resistente
653 1260 726 1295 pro
770 1246 848 1284 vita
880 1248 942 1283 vel
985 1246 1122 1295 aliquo
1167 1245 1380 1295 temporali
1428 1246 1517 1294 plus
1541 1254 1624 1283 Such
1652 1261 1737 1280 cases
1757 1260 1808 1279 are

206 1314 315 1341 amat
347 1306 455 1353 quod
487 1318 558 1342 sua
587 1318 707 1353 quam
734 1307 817 1341 Deo
850 1305 1058 1353 placencia
1090 1304 1348 1353 impleantur,
1381 1316 1518 1352 ymmo
1628 1296 1707 1323 rare,

206 1362 330 1410 gratis
382 1362 531 1399 detinet
575 1364 624 1399 ab
677 1362 756 1400 alio
801 1364 910 1411 quod
955 1363 1081 1399 credit
1125 1362 1199 1399 sibi
1246 1361 1423 1399 debitum
1470 1362 1518 1398 de

152 1433 194 1455 20
207 1420 361 1468 pociori
394 1420 493 1467 iure,
525 1421 586 1457 vel
622 1425 677 1466 (ut
709 1421 839 1457 verius
871 1421 1028 1469 loquar)
1063 1422 1172 1468 quod
1202 1421 1250 1456 de
1273 1420 1359 1457 iure
1382 1419 1517 1456 divino

206 1479 363 1514 tolleret
395 1491 467 1515 suo
500 1478 587 1515 usui
620 1478 679 1514 ius
702 1487 946 1526 pretensum.
980 1479 1097 1515 Tales
1120 1487 1253 1515 autem
1280 1491 1392 1514 casus
1414 1490 1514 1514 nun·
1592 1504 1652 1533 and
1673 1504 1696 1531 it
1714 1502 1741 1529 is

207 1548 328 1585 quarn
371 1537 432 1573 vel
475 1549 567 1572 raro
612 1536 909 1584 contingerent3
961 1536 1017 1573 sic
1062 1549 1153 1572 raro
1196 1537 1258 1572 vel
1304 1548 1511 1584 nunquam
1546 1542 1664 1582 setdom
1683 1543 1748 1571 that
1767 1542 1802 1570 of

208 1593 457 1642 contingeret
478 1593 666 1631 clericum
690 1594 1031 1642 possessionatum
1056 1593 1151 1642 poni
1184 1594 1381 1642 equaliter
1412 1593 1515 1630 inter
1528 1578 1807 1641 “VOffangcgsnbc'm

207 1653 306 1688 duos
339 1661 498 1700 egentes
538 1661 576 1688 et
613 1651 754 1700 dignos
786 1652 983 1700 equaliter
1015 1652 1195 1703 relevari,
1229 1653 1424 1689 subducta
1457 1663 1517 1688 ex·
1562 1649 1651 1685 equa]
1673 1648 1776 1676 claim.

152 1709 421 1747 25cusacione
474 1709 634 1747 aliunde
678 1711 738 1746 vel
791 1710 973 1747 mocione
1021 1709 1152 1747 divine
1198 1709 1414 1746 influencie
1457 1710 1517 1746 vel

208 1767 379 1804 limitate
412 1767 574 1804 alterius
607 1767 766 1804 illorum
802 1768 1006 1805 tribueret.
1041 1770 1082 1804 In
1105 1780 1185 1816 quo
1215 1780 1308 1804 casu
1337 1766 1518 1816 queritur

209 1825 490 1872 communiter,
523 1838 642 1874 quem
677 1838 766 1862 curn
801 1825 877 1862 illis
909 1825 1074 1875 paribus
1107 1826 1314 1863 relevaret.
1354 1826 1517 1862 Certum

210 1892 267 1919 est
290 1884 398 1931 quod
421 1892 607 1920 neutrum
633 1896 722 1920 cum
745 1883 823 1919 illis
845 1884 1023 1932 paribus,
1056 1892 1334 1920 verumtamen
1358 1884 1519 1920 deberet

91 1942 171 1974 208⁸
210 1953 254 1977 ex
286 1941 627 1978 determinacione
656 1937 660 1994 Ι
690 1941 862 1979 racionis
908 1954 998 1979 cum
1043 1941 1175 1990 primo
1221 1940 1415 1978 instinctu
1460 1941 1518 1977 in-

154 2002 195 2033 30
211 1999 379 2035 fluencie
423 1998 553 2035 divine
604 1999 717 2036 alteri
752 2012 890 2036 eorum
924 1999 1110 2042 tribuere,
1150 1998 1316 2035 dimisso
1349 1998 1517 2047 reliquo,

210 2055 417 2098 assistente
455 2057 643 2093 facultate
681 2057 944 2105 imperciendi
976 2057 1135 2106 utrique
1173 2056 1395 2093 successive
1427 2070 1519 2105 pru-

210 2115 348 2150 denter
380 2113 568 2154 tribuere.
601 2117 682 2151 Nos
714 2124 846 2152 autem
878 2114 945 2163 qui
978 2127 1191 2163 gravamus
1223 2113 1516 2151 conscienciam
1581 2134 1642 2163 We
1661 2143 1772 2163 excuse

210 2172 271 2208 vel
303 2172 617 2220 occupacionem
658 2172 764 2209 circa
795 2173 893 2209 tales
926 2185 1041 2209 casus
1074 2172 1142 2221 qui
1182 2184 1391 2221 nunquam
1425 2184 1518 2209 con-
1569 2171 1726 2232 ogygelvfes
1748 2171 1811 2233 bil

210 2228 368 2276 tingunt
412 2229 451 2265 in
483 2230 674 2277 practica,
719 2232 923 2279 quomodo
957 2243 1191 2267 excusamur
1230 2230 1270 2266 in
1302 2231 1378 2266 hoc
1411 2232 1519 2278 quod
1543 2212 1799 2279 puceisegsfilrriglu

156 2289 195 2322 35
212 2299 459 2335 occupamus
505 2300 576 2335 pro
619 2288 723 2325 fastu
767 2288 889 2325 seculi
935 2297 972 2325 et
1007 2287 1136 2325 carnis
1169 2289 1374 2336 voluptate
1413 2289 1520 2324 bona
1542 2275 1806 2345 meiqlnssljicnlssytive

213 2344 391 2390 ecclesie,
417 2346 509 2381 dum
535 2346 696 2382 credere
719 2347 910 2383 debemus
943 2347 1051 2394 quod
1075 2345 1190 2382 multi
1213 2354 1304 2382 sunt
1325 2357 1520 2394 pauperes

188 2402 355 2450 »quibus
390 2402 554 2450 dignum
589 2403 690 2439 foret
721 2403 788 2440 illa
822 2403 1085 2440 distribuere?
1121 2403 1229 2440 Licet
1245 2403 1350 2440 enirn
1374 2403 1520 2440 scimus

214 2461 359 2496 multos
404 2472 487 2497 esse
533 2460 704 2497 discolos
751 2461 1016 2509 indigenciam
1059 2461 1252 2509 fingentes
1291 2461 1519 2509 sophistice,

215 2519 362 2553 multos
385 2527 556 2565 egentes,
592 2518 734 2566 quibus
758 2518 914 2567 expedit
937 2519 1129 2566 indigere,
1154 2528 1191 2555 et
1216 2518 1272 2555 sic
1294 2518 1521 2566 indigencia

155 2589 199 2618 40
214 2585 348 2611 nostra
391 2575 440 2611 sit
483 2575 599 2612 nobis
631 2576 769 2613 nocior
802 2589 923 2624 quam
957 2577 1101 2626 aliena)
1141 2590 1231 2613 cum
1270 2589 1409 2613 secura
1440 2576 1521 2613 vita

215 2633 443 2681 extinguens
476 2635 708 2682 scrupulum
743 2634 990 2672 consciencie
1018 2643 1075 2671 est
1099 2647 1255 2671 servare
1278 2647 1350 2671 nos
1372 2634 1413 2671 in
1435 2643 1521 2672 arta

284 2798 321 2818 12.
343 2791 437 2818 Cod.:
458 2791 597 2830 sens-{hili
614 2793 663 2829 et..
740 2789 779 2818 13.
800 2793 929 2818 tenetur.
952 2791 1046 2830 de3:
1067 2794 1200 2830 tuentur.
1300 2793 1337 2820 18.
1354 2792 1448 2819 Cod.:
1470 2793 1519 2819 im-

211 2825 346 2860 plealur.
419 2823 457 2853 31.
478 2828 601 2860 utrtque
613 2829 710 2852 tvvice.
783 2824 827 2853 38.
850 2825 943 2852 Cod.:
965 2825 1157 2860 zndtgencza.
