2050 3292
235 217 317 255 608
954 225 1012 256 DE
1042 225 1177 256 CIVILI
1204 224 1415 256 DOMiuio.
1600 215 1707 267 [CAP.
1728 223 1838 251 xxvi.

525 341 559 369 et
587 339 766 382 pereunt,
801 331 870 367 alii
890 331 1110 367 iudicantur
1143 338 1177 367 et
1211 339 1391 381 regnant,
1425 331 1493 366 alii
1514 344 1586 368 non
1620 332 1841 369 iudicantur

525 399 559 427 et
594 397 774 440 regnant.
828 391 875 425 Et
908 388 1021 437 ponit
1055 389 1280 436 exemplum
1315 390 1362 424 de
1397 388 1536 425 mediis
1570 398 1607 426 et
1644 390 1838 426 extremis.

524 451 624 485 Nam
670 460 760 484 cum
796 459 953 495 semper
985 446 1164 483 infideles
1203 446 1282 483 iam
1317 446 1482 483 iudicati
1516 456 1619 493 sunt,
1666 456 1708 483 ut
1746 448 1841 484 dicit

526 505 706 543 Christus
738 506 823 543 Joh.
855 507 915 550 ΙΙΙ,
947 506 1008 550 18,
1043 505 1134 541 ideo
1166 517 1247 541 non
1281 504 1358 540 illis
1391 505 1545 541 dicetur
1579 506 1840 553 cxprobracio

524 577 690 613 operum
710 562 1075 606 misericordie,sed
1092 563 1264 599 finaliter
1279 562 1595 610 impenitentibus
1614 563 1840 600 christianis
1859 568 1872 598 5

526 635 598 659 nec
643 621 900 669 pauperibus,
946 621 1014 669 qui
1060 633 1100 657 se
1145 629 1251 657 totos
1284 633 1381 669 pure
1415 620 1701 669 impenderant3
1747 635 1839 658 nam

525 681 604 716 duo
639 688 813 715 extrema
848 691 929 714 non
953 679 1006 714 ibi
1030 678 1270 715 sensibiliter
1301 678 1535 715 iudicabunt
1566 679 1716 716 scilicet
1747 680 1840 716 boni

524 746 735 786 sequentes
770 736 970 773 Christum
1011 736 1050 772 in
1090 736 1286 773 altissima
1332 736 1561 784 evangelica
1606 746 1842 786 paupertate

525 805 561 832 ct
597 796 688 831 mali
722 795 790 843 qui
824 807 1031 843 nunquam
1058 803 1293 843 receperant
1328 795 1462 839 fidem,
1496 797 1563 831 sed
1599 797 1677 832 duo
1713 797 1841 832 media

526 853 744 890 mediocria
776 852 829 889 ibi
862 852 1166 889 iudicabuntur:
1213 853 1364 889 scilicet
1403 852 1662 900 predestinati
1701 854 1840 890 salvati
1863 868 1900 887 10

525 925 546 948 a
566 911 713 947 dextris
737 923 809 959 pro
826 911 1102 959 complecione
1125 923 1293 959 operum
1321 910 1595 947 misericordie
1619 920 1656 947 et
1680 912 1841 959 presciti

525 983 546 1006 a
570 969 740 1006 sinistris
764 968 972 1017 dampnati
998 981 1041 1005 ex
1065 970 1140 1005 hoc
1174 970 1281 1017 quod
1316 977 1406 1017 post
1439 969 1715 1016 gustacionem
1751 970 1842 1006 fidei

525 1028 680 1076 ingrate
736 1036 923 1063 fenerant
979 1027 1060 1063 eius
1113 1027 1405 1075 perfeccionem
1467 1026 1508 1063 in
1565 1027 1842 1075 complecione

525 1098 692 1134 operum
728 1085 1013 1121 misericordie.

584 1147 631 1181 Et
671 1151 866 1192 quantum
908 1145 957 1180 ad
996 1143 1095 1179 illud
1128 1144 1177 1179 ad
1209 1143 1342 1179 Thim.
1379 1145 1407 1179 ΙΙ
1438 1141 1441 1195 j
1473 1143 1623 1179 dictum
1659 1152 1716 1180 est
1748 1155 1840 1190 sepe
1883 1144 1964 1186 24⁶⁴

526 1204 632 1250 quod
678 1200 915 1249 intelligitur
960 1203 1008 1237 de
1052 1202 1259 1237 voluntate
1305 1200 1420 1249 signi,
1474 1201 1568 1249 quia
1614 1204 1720 1238 Deus
1774 1203 1842 1238 dat

527 1261 717 1296 mandata
761 1260 809 1295 ab
856 1259 965 1295 omni
1000 1258 1163 1295 homine
1196 1260 1458 1304 observanda,
1498 1272 1575 1307 que
1608 1259 1638 1296 si
1674 1259 1842 1295 finaliter

525 1317 737 1355 servaverit
782 1318 911 1354 salvus
956 1317 1041 1361 erit,
1089 1326 1125 1353 et
1169 1317 1225 1353 sic
1258 1320 1364 1354 Deus
1408 1318 1502 1363 vult,
1549 1319 1657 1366 quod
1702 1330 1841 1354 omnes

526 1376 708 1413 homines
732 1376 947 1419 salventur,
981 1366 1046 1411 sed
1072 1388 1153 1412 non
1188 1377 1296 1423 quod
1325 1376 1597 1422 salvabuntur,
1623 1384 1665 1411 ut
1689 1375 1839 1412 dictum

288 1449 464 1476 Eri-oncous
527 1444 585 1471 est
609 1433 785 1482 capitulo
809 1434 942 1482 primo
965 1435 1092 1470 huius.
1129 1435 1181 1469 Ex
1206 1433 1290 1470 istis
1315 1443 1423 1482 patet
1455 1434 1629 1470 medium
1662 1433 1841 1470 solvendi
1858 1446 1900 1466 πω

288 1486 471 1546 Jffiiissiiiemiwv
527 1492 690 1529 terciam
738 1491 1041 1528 excusacionem
1090 1504 1209 1539 quam
1258 1492 1369 1540 fingit
1418 1492 1619 1528 Johannes
1665 1493 1712 1528 de
1756 1494 1840 1528 Deo

260 1554 338 1581 John
362 1555 397 1581 dc
420 1548 493 1581 Deo.
528 1563 647 1598 super
680 1551 839 1586 decreto
873 1552 920 1586 de
954 1549 1263 1586 consecracione
1293 1549 1556 1586 distinccione
1583 1551 1624 1592 V,
1659 1549 1842 1598 proximo

529 1608 705 1656 capitulo
750 1608 935 1656 allegato,
981 1610 1143 1656 quando
1188 1607 1291 1643 enim
1325 1608 1552 1644 Jeronimus
1592 1607 1699 1652 dicit,
1734 1608 1842 1656 quod

529 1679 601 1703 non
634 1666 884 1702 mediocriter
915 1674 1025 1702 errat
1056 1667 1121 1715 qui
1152 1679 1294 1716 magno
1328 1667 1423 1702 hono
1455 1667 1612 1715 prefert
1650 1666 1845 1702 mediocre

528 1726 680 1774 bonum,
726 1725 801 1760 hoc
846 1725 1064 1760 secundum
1112 1725 1376 1771 glossatorem
1425 1725 1541 1760 debet
1586 1723 1751 1771 intelligi
1797 1723 1843 1760 de
1860 1725 1899 1757 25

530 1795 676 1830 magno
724 1783 831 1818 bono
878 1782 958 1818 sine
1004 1795 1076 1831 quo
1110 1795 1182 1818 non
1224 1790 1350 1831 potest
1380 1783 1523 1818 habere
1553 1783 1660 1817 salus
1693 1789 1844 1825 eternam

529 1850 565 1877 et
589 1841 643 1877 ita
666 1840 823 1876 videtur
846 1840 1013 1876 innuere
1037 1840 1075 1875 in
1099 1840 1209 1876 omni
1233 1840 1312 1876 alio
1337 1841 1441 1876 bono
1467 1840 1668 1876 mediocre
1692 1841 1842 1876 bonum

528 1899 612 1935 sine
645 1910 780 1934 errore
813 1898 933 1935 licere
965 1899 1154 1947 preferre.

587 1958 738 1993 Contra
782 1956 899 1993 istam
945 1957 1117 2005 glossam
1165 1956 1219 1992 sic
1265 1967 1408 2004 arguo:
1456 1956 1593 1992 Solum
1636 1958 1741 1991 Deus
1787 1964 1844 1992 est

528 2016 676 2051 bonum
710 2014 825 2050 nobis
859 2014 1042 2062 eligibile,
1089 2015 1172 2051 sine
1205 2027 1285 2062 quo
1318 2027 1397 2051 non
1431 2026 1644 2061 possumus
1677 2013 1901 2060 salvari330

529 2082 565 2109 et
599 2086 668 2121 per
702 2084 949 2120 consequens
982 2073 1054 2109 iste
1087 2073 1189 2109 foret
1222 2085 1360 2108 sensus
1384 2072 1512 2108 sancti
1536 2071 1713 2108 doctoris
1736 2074 1844 2119 quod

528 2131 592 2167 ille
638 2131 808 2167 multum
854 2140 994 2179 peccat
1040 2130 1106 2179 qui
1141 2130 1344 2167 mediocre
1378 2131 1526 2166 bonum
1561 2130 1710 2178 prefert
1743 2131 1841 2166 Deo.

528 2191 629 2225 Nam
674 2201 917 2237 quocunque
963 2197 1098 2225 creato
1137 2196 1245 2225 extra
1278 2188 1483 2225 hominem
1518 2187 1677 2236 signato
1710 2196 1842 2236 preter
1882 2191 1907 2222 E

529 2250 669 2293 Deum,
705 2247 789 2283 sine
834 2247 902 2283 illo
937 2255 1066 2295 potest
1099 2246 1236 2283 haberi
1270 2247 1388 2290 salus,
1422 2255 1465 2282 ut
1497 2254 1693 2282 noverunt
1725 2245 1841 2293 loyci,

528 2318 646 2353 super
679 2305 814 2341 anima
847 2318 940 2342 vero
975 2304 1149 2341 hominis
1172 2306 1232 2340 vel
1264 2318 1383 2353 super
1415 2317 1455 2340 se
1489 2304 1589 2352 ipso,
1623 2317 1703 2340 non
1736 2303 1896 2340 caditnfi

528 2363 602 2400 sibi
636 2363 802 2408 elecci03
838 2373 875 2400 et
907 2372 1015 2411 patet
1048 2363 1205 2399 nuditas
1238 2364 1359 2410 glose,
1395 2375 1483 2398 cum
1519 2363 1651 2398 nullus
1685 2361 1843 2397 dubitat

530 2434 611 2458 esse
645 2421 826 2458 illicitum
862 2421 1066 2458 hominem
1102 2421 1277 2469 preferre
1310 2420 1462 2469 aliquid
1494 2422 1577 2457 Deo
1610 2432 1696 2457 suo.

587 2479 792 2525 Similiter,
820 2511 826 2517 .
854 2508 861 2516 .
888 2509 894 2516 .
920 2479 1021 2516 beati
1055 2479 1247 2515 Jeronimi
1281 2480 1490 2515 destruunt
1513 2478 1629 2514 istam
1654 2478 1841 2525 glossam,

529 2550 618 2573 cum
666 2537 811 2574 dicitur
856 2540 963 2586 quod
1009 2537 1063 2573 illi
1108 2536 1280 2585 graviter
1324 2545 1492 2585 peccant
1537 2535 1602 2584 qui
1648 2534 1841 2571 ieiunium

600 2671 636 2698 125.
666 2672 758 2699 (juda
787 2674 993 2699 remman-ant.
1074 2679 1119 2698 20.
1147 2674 1210 2703 e.tt‚·
1237 2670 1376 2705 sequitur
1403 2671 1520 2696 lacuna.
1601 2668 1642 2695 2³2³.
1670 2668 1758 2695 Nam.
1788 2668 1844 2695 Hic

531 2707 657 2734 verbum
679 2707 773 2734 deest.
846 2705 890 2734 38.
912 2706 1072 2737 Similiter,
1094 2711 1123 2733 et
1145 2706 1191 2733 hic
1212 2706 1340 2732 verbum
1363 2706 1457 2732 deest.

601 2798 653 2829 24.
681 2790 729 2821 De
758 2790 922 2821 Consecr.
950 2800 1023 2831 cap.
1042 2790 1160 2832 XXIV⁷
1189 2790 1264 2821 dist.
1285 2790 1326 2822 Vv.
1424 2787 1477 2819 26.
1507 2788 1593 2820 Vide
1622 2787 1780 2818 Glossam
1810 2786 1842 2817 iu

530 2837 657 2869 decret.
688 2837 767 2868 Non
797 2836 1033 2869 mediocriter.
