2050 3292
243 214 330 242 CAP.
352 206 462 260 xxm]
739 216 872 248 LfflER
899 216 1108 248 TERTqu.

300 325 353 359 Ex
384 322 470 359 istis
503 330 611 370 patet
643 323 749 370 quod
795 321 874 358 sive
909 321 1182 370 progenitores
1216 322 1393 358 defuncti
1418 321 1545 358 domi-

1752 219 1827 258 471

1588 329 1737 358 Whether
1757 331 1807 358 the

1586 365 1735 392 founders
1755 374 1806 392 are

241 393 383 417 norum
418 380 675 428 superstitum
710 379 787 416 sint
820 379 859 415 in
893 380 977 416 celo
1011 379 1089 416 sive
1121 379 1161 415 in
1194 380 1441 427 purgatorio,
1465 379 1544 415 sive
1578 399 1609 426 in
1631 400 1758 433 heaven,
1778 401 1808 426 i„

240 438 280 475 in
324 438 479 474 inferno
525 437 734 485 expediens
793 437 893 473 foret
938 437 978 472 in
1023 450 1116 474 casu
1156 450 1235 485 quo
1275 437 1543 473 elemosinarii
1579 438 1749 472 puhrgatory
1768 442 1804 461 or

1618 476 1647 495 in
1670 469 1740 503 hell,
1759 473 1790 496 to

241 508 378 532 eorum
412 497 628 532 abutantur
667 494 895 531 elemosinis
929 507 1065 530 earum
1100 494 1347 540 subtraccio;
1387 507 1479 531 nam
1513 507 1544 530 st
1583 502 1748 530 withdraw
1770 503 1799 530 111

1653 542 1743 572 spent

208 557 330 590 §sunt
373 553 413 589 in
458 553 555 596 celo,
601 553 648 588 de
692 561 805 588 tanto
850 561 906 588 est
939 552 1015 588 illis
1048 552 1253 589 beatitudo
1287 552 1544 589 accidentalis
1587 572 1801 599 endowments

186 855 223 876 10

184 1132 220 1165 ΓΞ)

121 1423 197 1463 191⁹

181 1710 219 1742 25

179 1997 220 2030 30

178 2284 217 2317 35

239 610 443 655 intensior,
468 611 515 646 de
538 619 688 658 quanto
707 622 807 658 opus
831 609 1047 646 elemosine
1065 610 1171 658 quod
1208 610 1283 658 ipsi
1312 609 1544 658 inceperant

239 670 289 705 ad
334 680 587 705 communem
634 667 845 704 utilitatem
894 668 1018 715 magis
1062 667 1287 706 fructificat.
1340 670 1455 704 Patet
1500 680 1543 704 ex

238 728 392 762 XXXVI
426 725 600 773 capitulo
644 725 733 761 libri
767 727 828 771 Ill,
874 726 981 773 quod
1025 724 1056 760 si
1103 734 1193 761 sunt
1226 725 1266 762 in
1298 724 1543 773 purgatorio,

239 797 320 820 non
353 783 518 819 dubium
553 782 649 831 quin
682 784 879 819 bonorum
914 795 1079 819 suorum
1118 795 1237 819 avara
1270 782 1451 819 detencio
1484 783 1542 818 vel

240 841 458 889 prodigalis
493 840 754 888 consumpcio
786 853 867 877 non
900 852 965 877 eos
998 840 1168 886 alleviat,
1201 842 1270 877 sed
1294 842 1471 877 retardat
1504 840 1544 876 in

239 908 392 936 tantum
428 900 535 947 quod
567 907 752 946 parentes
784 898 1031 946 pertinenter
1072 897 1201 935 dicere
1233 906 1400 946 possunt
1433 899 1544 934 here-

239 956 354 993 dibus
398 956 494 992 illud
531 957 604 992 Job
642 957 740 1000 XIX,
783 967 854 993 21:
898 956 1140 992 Miseremini
1181 957 1266 1003 mei,
1311 955 1546 992 miseremini

238 1015 324 1061 mei,
355 1014 490 1050 saltem
526 1026 590 1050 vos
622 1013 736 1049 amici
766 1014 851 1050 mei.
884 1013 1058 1050 Affeccio
1083 1026 1175 1061 ergo
1198 1027 1270 1062 pro
1295 1013 1542 1061 genitoribus

237 1072 278 1108 in
311 1071 543 1119 purgatorio
577 1079 752 1108 moveret
784 1070 1017 1119 superstites
1049 1072 1099 1107 ad
1126 1071 1429 1107 rectificandum
1453 1083 1543 1106 suas

238 1129 489 1175 elemosinas,
524 1141 613 1165 cum
649 1130 794 1165 debent
826 1129 926 1165 scire
958 1130 1066 1176 quod
1091 1141 1133 1165 ex
1156 1128 1248 1165 hinc
1270 1138 1353 1165 tota
1377 1128 1543 1165 ecclesia

237 1186 576 1235 triumphancium
602 1186 865 1222 militancium
890 1195 926 1222 et
949 1186 1241 1222 dormiencium
1266 1185 1544 1222 melioraretur

238 1253 273 1281 et
306 1257 376 1292 per
409 1244 491 1281 eius
524 1243 755 1291 oppositum
789 1242 1158 1291 dampnificaretur,
1204 1252 1246 1279 ut
1290 1245 1395 1280 bono
1441 1243 1542 1279 acci-

237 1301 386 1338 dentali
426 1310 597 1346 careret;
638 1301 743 1338 beati
785 1301 944 1350 quidem
980 1300 1019 1336 in
1052 1302 1150 1345 celo,
1190 1301 1284 1337 licet
1316 1301 1542 1338 necessario

238 1372 281 1396 ex
304 1359 585 1408 supposicione
609 1368 743 1396 tamen
767 1359 1044 1407 contingenter
1067 1360 1116 1395 ad
1140 1358 1373 1395 utrumlibet
1396 1360 1542 1396 habent

236 1417 521 1454 beatitudinem
561 1417 849 1453 accidentalem
889 1429 931 1453 ex
970 1417 1151 1464 profectu
1191 1416 1250 1453 sui
1285 1408 1449 1468 melriti
1482 1416 1541 1452 in-

237 1475 367 1511 choati
407 1484 444 1511 et
482 1487 551 1523 per
590 1487 682 1511 suos
721 1476 885 1511 heredes
918 1474 977 1510 vel
1010 1474 1112 1511 filios
1151 1474 1191 1510 in
1225 1474 1383 1510 Christo
1417 1473 1542 1510 conti-

236 1532 366 1581 nuati3
405 1534 762 1580 correspondentes
799 1532 830 1568 si
863 1532 1137 1580 progenitores
1174 1533 1386 1568 fundantes
1419 1532 1539 1568 talem

237 1590 495 1627 elemosinam
541 1590 617 1626 sint
662 1590 885 1638 dampnati,
938 1599 1126 1638 gravatur
1169 1602 1305 1626 eorum
1353 1602 1454 1638 pena
1499 1601 1541 1625 ex

236 1647 485 1696 negligencia
519 1648 691 1684 filiorum
726 1647 983 1696 superstitum
1019 1647 1085 1696 qui
1114 1660 1196 1684 non
1221 1646 1351 1683 minus
1374 1655 1541 1695 peccant

238 1705 472 1755 mortaliter,
511 1706 764 1742 obmittendo
804 1707 1017 1742 emendare
1056 1706 1232 1741 defectus
1265 1718 1364 1753 quos
1398 1706 1541 1741 debent

237 1763 447 1811 corrigere,
493 1776 613 1811 quam
649 1763 943 1800 committendo
976 1775 1097 1811 opera
1131 1775 1207 1810 que
1250 1775 1331 1799 non
1378 1763 1540 1809 debent3

235 1823 340 1858 unde
372 1820 442 1857 filii
477 1833 613 1857 eorum
648 1821 808 1869 presciti
841 1820 990 1857 fuerint
1022 1820 1062 1856 in
1091 1820 1301 1857 occasione
1325 1820 1540 1856 elemosine

235 1888 414 1926 paterne,
462 1880 509 1914 de
554 1878 799 1927 ingenuitate
844 1878 998 1926 generis
1041 1878 1101 1913 sui
1134 1878 1221 1926 ipso
1266 1877 1461 1929 paverint⁷
1509 1877 1538 1913 si

236 1936 537 1973 elemosinarios
589 1949 815 1972 scurrarum
870 1935 1076 1979 corrodiis,
1131 1948 1341 1984 equorum,
1395 1948 1536 1972 canum

235 1993 600 2030 sustentacionibus
622 1994 766 2030 iniuste
796 1993 1044 2041 gravaverint
1076 1994 1136 2030 vel
1176 1994 1541 2041 quomodocunque

236 2052 425 2099 gravandi
443 2061 607 2099 peccata
631 2051 883 2088 occasionem
909 2051 1163 2099 sumpserint,
1181 2050 1416 2087 alleviamen
1440 2051 1539 2086 foret

235 2110 415 2158 utrisque
460 2110 566 2157 quod
612 2111 714 2145 bona
760 2109 990 2145 huiusmodi
1035 2109 1166 2145 forent
1212 2108 1465 2156 expropriata
1505 2117 1541 2144 et

235 2167 335 2203 sicut
368 2176 458 2203 ante
494 2167 852 2203 mortificacionem
876 2167 936 2202 vel
965 2165 1343 2215 appropriacionem
1377 2166 1540 2202 ecclesie

235 2225 431 2261 catholice
455 2224 766 2262 communicata.
790 2227 837 2261 Et
862 2225 936 2260 hoc
960 2233 1123 2260 notatur
1146 2224 1263 2271 plane
1286 2223 1325 2259 in
1349 2224 1537 2271 parabola

235 2282 379 2318 Christi
416 2283 520 2318 Luce
549 2283 646 2331 XVI,
677 2283 742 2327 28,
782 2281 849 2318 ubi
871 2281 975 2318 dives
1008 2283 1185 2329 sepultus
1218 2280 1257 2316 in
1290 2281 1445 2317 inferno
1478 2293 1538 2317 ro-

234 2339 338 2387 gavit
376 2341 592 2385 Abraham,
637 2352 686 2376 ne
725 2339 849 2376 eciam
890 2339 1067 2387 quinque
1108 2340 1249 2375 fratres
1282 2338 1462 2375 venirent
1500 2339 1538 2374 in

184 2408 186 2411 ·
234 2398 367 2433 locum
401 2392 511 2433 illum
546 2406 841 2433 tormentorum
876 2410 955 2433 non
989 2405 1151 2444 propter
1184 2396 1393 2432 caritatem
1419 2409 1536 2444 quam

234 2456 284 2491 ad
328 2454 436 2503 ipsos
480 2454 618 2491 habuit
651 2456 718 2491 sed
758 2463 922 2502 propter
954 2466 1168 2502 gravamen
1201 2466 1314 2502 pene,
1355 2455 1464 2502 quod
1498 2466 1538 2490 ex

303 2665 323 2684 1.
352 2656 445 2684 Cod.:
469 2657 698 2692 progenitoris.
780 2664 808 2691 9.
835 2664 946 2684 avara.
974 2657 1069 2684 Cod.:
1096 2659 1160 2683 au’a
1211 2665 1243 2683 ro
1270 2663 1351 2683 awa.
1433 2663 1476 2683 22.
1503 2664 1530 2683 si

234 2691 328 2719 Cod.:
357 2691 411 2718 sic.
514 2692 560 2719 26.
583 2691 677 2719 Cod.:
718 2691 913 2719 obmittendo.
1021 2691 1133 2726 ἰγ-28.
1172 2665 1230 2718 iiic
1260 2691 1345 2718 locus
1375 2695 1541 2725 corruptus

234 2734 298 2753 esse
328 2725 465 2759 videtur;
494 2726 625 2753 fortasse
648 2724 731 2754 Unde
749 2727 797 2753 si.
813 2746 821 2753 .
837 2746 843 2753 .
859 2726 938 2761 ipsa.
1010 2733 1056 2760 29.
1077 2733 1195 2753 canum.
1218 2725 1313 2753 Cod.:
1335 2726 1476 2753 carnium.

302 2809 335 2840 8.
362 2809 412 2841 De
438 2810 538 2841 Civili
564 2810 730 2841 Dominio
757 2810 779 2852 Ι,
807 2820 884 2852 pag.
912 2810 976 2852 257
1003 2820 1101 2852 seqq.

1589 606 1696 640 profits
1716 607 1810 634 them.
