2050 3292
213 228 293 276 506

235 522 288 549 but
307 520 368 549 this
388 520 462 547 does

211 561 263 583 not
276 556 393 589 follow,
404 556 486 582 since

217 592 307 619 t'riars
328 599 379 617 are
399 590 480 617 often

297 626 399 653 sinful.

241 1906 336 1934 Vows
357 1913 407 1933 are
428 1910 480 1933 not

271 1949 443 1976 DCCCSSHI'y.

230 2598 335 2627 Christ
355 2597 498 2624 counsels

249 2633 369 2668 against
389 2633 485 2659 them.

926 230 984 261 DE
1013 229 1148 261 civim
1176 228 1385 260 DOMiNlo.
1563 215 1675 270 [CAP.
1700 225 1808 252 xxm

502 339 647 375 habent
680 336 866 373 iuvamen
905 347 947 371 ex
980 334 1172 371 societate
1212 342 1248 370 et
1288 332 1567 370 cumulacione
1602 333 1733 369 meriti
1767 345 1811 370 ex

500 394 755 440 obediencia3
788 393 909 440 igitur
933 401 990 428 est
1012 391 1248 440 simpliciter
1271 391 1491 439 perfeccius
1526 403 1609 427 esse
1631 391 1810 428 fratrem.

501 452 655 490 Dicitur
699 452 807 500 quod
850 462 931 486 non
963 449 1143 497 sequitur
1175 449 1243 485 sed
1276 450 1375 485 bene
1408 448 1673 491 concluditur,
1718 448 1812 496 quia

502 509 698 558 contingit
730 508 843 546 aliter
865 508 953 556 plus
977 519 1059 543 esse
1075 507 1171 543 utile
1204 519 1323 554 quam
1347 507 1454 554 quod
1469 506 1518 542 sit
1550 506 1684 553 frater,
1718 519 1811 542 nam

503 569 591 605 talis
623 566 820 615 perfeccio
853 578 923 614 per
956 565 1140 601 accidens
1173 564 1301 601 evenit
1333 564 1402 600 tali
1435 563 1580 610 ordini,
1614 576 1702 600 cum
1737 564 1845 600 stat5

504 627 612 674 quod
664 637 708 661 ex
761 621 1232 671 inproporcionabilitate
1288 621 1588 658 numerositatis
1643 621 1810 658 fratrum

503 683 564 719 vel
587 681 721 730 aliquo
740 689 906 729 peccato
924 681 1031 728 quod
1050 679 1333 728 percuciantur
1350 679 1540 722 avaricia,
1560 679 1813 725 adulacione,

506 739 717 777 mendacio
766 748 803 775 et
848 739 954 786 quod
1000 737 1170 774 maxime
1212 737 1436 773 timendum
1466 734 1471 788 Ι
1500 744 1558 773 est
1594 736 1703 785 quod
1735 749 1815 773 non
1855 737 1936 771 205⁶

506 798 601 835 assit
634 797 710 834 illis
742 797 905 833 libertas
939 796 989 832 ad
1021 794 1323 843 corripiendum
1359 803 1396 831 et
1418 794 1523 831 vicia
1556 794 1721 831 ecclesie
1754 807 1815 831 ar-

506 857 723 904 guendum.
776 856 824 890 Et
856 862 1051 902 quantum
1085 854 1135 889 ad
1167 851 1444 889 obedienciam
1486 861 1523 889 et
1555 860 1690 889 votum
1725 864 1816 900 pro·
1837 865 1875 886 10

505 913 699 960 fessionis,
724 912 874 949 dictum
908 920 963 948 est
992 910 1168 958 capitulo
1192 912 1239 946 III
1263 910 1379 947 huius
1400 912 1446 956 V,
1480 911 1588 959 quod
1619 910 1705 958 ipsa
1737 923 1818 946 non

507 979 674 1020 prosunt
717 969 793 1006 nisi
839 971 886 1006 de
930 977 1081 1017 quanto
1127 977 1334 1005 moverent
1377 978 1421 1004 ut
1471 969 1560 1016 plus
1604 968 1815 1004 obediatur

507 1029 667 1066 Christo
700 1028 767 1076 qui
802 1036 858 1063 est
891 1028 1013 1064 abbas
1029 1026 1155 1063 nostri
1186 1025 1350 1071 ordinis,
1375 1026 1431 1062 sic
1454 1027 1563 1075 quod
1586 1025 1816 1074 quicunque

507 1085 703 1123 obedierit
745 1085 834 1134 plus
867 1084 1015 1122 Christi
1060 1083 1235 1121 consiliis
1279 1083 1359 1120 sive
1404 1084 1443 1120 in
1488 1084 1628 1120 ordine
1660 1083 1816 1132 privato

507 1145 587 1182 sive
620 1153 728 1181 extra
761 1152 819 1180 est
853 1141 979 1190 magis
1013 1141 1233 1190 religiosus.
1839 1144 1875 1176 15

566 1204 667 1239 Cum
712 1201 832 1249 igitur
878 1199 1071 1247 contingit
1116 1200 1291 1248 privatos
1330 1199 1555 1248 prepositos
1588 1212 1671 1236 esse
1704 1211 1819 1236 occa·
1858 1201 1888 1232 R

509 1260 661 1297 sionem
719 1260 825 1295 unde
872 1258 1093 1295 declinetur
1143 1271 1165 1294 a
1211 1258 1401 1295 mandato
1445 1257 1608 1294 Domini
1655 1265 1821 1306 propter

511 1323 707 1355 humanas
751 1315 992 1353 cerimonias
1030 1314 1292 1362 introductas,
1343 1324 1453 1364 patet
1486 1317 1592 1364 quod
1627 1314 1821 1362 contingit

508 1376 629 1413 vitam
676 1373 907 1411 huiusmodi
952 1373 1141 1410 socialem
1183 1385 1265 1410 esse
1298 1386 1459 1411 causam
1504 1386 1628 1422 quare
1673 1371 1820 1410 Christi

509 1433 747 1481 religiositas
792 1432 1010 1470 minuatur.
1063 1431 1155 1468 Scio
1194 1431 1356 1479 quidem
1396 1432 1504 1480 quod
1547 1430 1659 1467 multi
1694 1429 1819 1467 sancti
1838 1443 1877 1464 20

511 1501 547 1528 et
591 1490 753 1539 gloriosi
797 1491 983 1527 doctores
1028 1490 1076 1526 de
1109 1488 1292 1525 claustris
1325 1498 1602 1537 processerant
1639 1489 1707 1526 sed
1740 1500 1820 1524 non

510 1557 774 1598 pervenerunt
819 1547 1101 1584 exclaustrales
1146 1546 1397 1584 circueuntes
1428 1560 1500 1595 per
1532 1546 1694 1597 patrias,
1740 1545 1820 1583 edi-

511 1607 667 1644 fieando
682 1606 879 1651 ecclesias,
905 1615 942 1642 et
963 1604 1065 1642 sicut
1080 1618 1152 1654 pro
1166 1604 1358 1642 varietate
1372 1605 1566 1653 temporis
1589 1613 1626 1641 et
1649 1604 1820 1641 circum-

510 1665 755 1702 stanciarum
789 1663 955 1700 ecclesie
988 1664 1060 1700 hos
1090 1663 1247 1711 expedit
1268 1662 1400 1700 vivere
1433 1663 1731 1708 conventuales,
1764 1661 1820 1698 sic

511 1732 605 1760 tunc
648 1723 708 1759 vel
753 1721 852 1758 alias
910 1722 1001 1769 plus
1052 1720 1208 1769 expedit
1252 1721 1324 1757 hos
1367 1720 1496 1758 vivere
1542 1720 1820 1758 exclaustrales
1838 1723 1877 1754 25

512 1793 601 1817 cum
661 1779 896 1816 obediencia
941 1778 1100 1815 Christo
1146 1778 1194 1815 sit
1240 1791 1310 1827 per
1354 1791 1393 1815 se
1439 1791 1559 1816 causa
1618 1777 1821 1827 religionis

512 1838 752 1875 christicole.

571 1898 775 1941 Quantum
821 1896 872 1931 ad
916 1903 1052 1931 votum
1099 1903 1245 1931 tractat
1288 1893 1475 1931 dominus
1512 1894 1821 1931 Ardmachanus

514 1957 569 1990 De
614 1953 809 2001 Pauperie
840 1953 943 1989 libro
974 1954 1022 1988 VI
1057 1952 1234 2001 capitulo
1265 1953 1423 1989 XXXIV
1455 1961 1492 1989 et
1529 1952 1644 1998 infra,
1677 1960 1822 1989 notans

514 2010 645 2060 primo
669 2012 875 2059 quomodo
899 2010 939 2046 in
962 2010 1160 2058 scriptura
1184 2022 1298 2047 sacra
1321 2023 1401 2047 non
1423 2010 1567 2059 legitur
1591 2011 1640 2047 de
1663 2009 1822 2046 Christo
1839 2013 1881 2045 30

513 2071 573 2107 vel
617 2069 698 2106 suis
743 2068 935 2118 apostolis
980 2069 1087 2116 quod
1131 2068 1211 2105 tale
1241 2077 1377 2105 votum
1424 2068 1711 2105 commiserant
1749 2079 1823 2115 pro

514 2127 775 2164 observancia
808 2126 1057 2175 paupertatis
1091 2126 1316 2174 evangelice
1339 2127 1400 2163 vel
1433 2126 1708 2175 cuiuscunque
1730 2137 1823 2163 con—

515 2185 605 2232 silii,
637 2198 774 2233 ymmo
807 2184 939 2232 arguit
972 2184 1079 2233 quod
1113 2184 1152 2220 in
1177 2184 1336 2221 Christo
1358 2183 1494 2221 fuisset
1516 2192 1652 2221 votum
1685 2196 1822 2232 super-

515 2244 656 2290 fluum,
684 2240 690 2296 Ι
719 2255 808 2280 cum
854 2242 894 2278 in
938 2242 1049 2278 nullo
1094 2242 1264 2279 auxisset
1298 2241 1483 2279 meritum
1522 2255 1595 2279 nec
1633 2241 1824 2278 sanxisset
1864 2242 1944 2275 206⁸

515 2300 773 2338 observancie
817 2299 1021 2348 religionis
1066 2300 1337 2349 propositum;
1390 2313 1480 2336 cum
1526 2300 1646 2348 igitur
1688 2302 1880 2336 tantus35

517 2361 658 2396 doctor
690 2372 769 2395 non
803 2357 1003 2395 omisisset
1042 2357 1081 2394 in
1114 2359 1250 2406 regula
1283 2370 1351 2395 sue
1384 2357 1587 2406 religionis
1620 2367 1701 2394 tam
1736 2369 1824 2405 pre-

518 2417 680 2465 cipuum
713 2429 836 2465 genus
870 2415 1001 2452 meriti
1034 2428 1105 2452 nec
1138 2415 1410 2465 requisivisset
1443 2417 1517 2452 hoc
1550 2417 1598 2452 ab
1632 2414 1720 2452 aliis
1750 2414 1824 2451 nisi

518 2475 557 2511 in
590 2487 630 2511 se
661 2475 722 2511 vel
754 2474 834 2510 suis
867 2473 1057 2522 apostolis
1085 2475 1346 2519 observasset,
1379 2473 1535 2510 videtur
1557 2474 1663 2521 quod
1687 2481 1823 2509 votum

517 2545 598 2569 non
629 2532 678 2569 sit
712 2542 792 2569 tam
828 2532 1098 2569 necessarium
1132 2533 1181 2568 ad
1214 2532 1397 2568 ordinem
1431 2531 1707 2569 christianum.

575 2592 685 2636 Item,
720 2590 875 2626 videtur
907 2589 1111 2626 Christum
1137 2589 1367 2626 dissuadere
1398 2597 1548 2635 votum,
1583 2601 1673 2625 cum
1701 2588 1823 2624 Math.
1838 2601 1882 2632 40

517 2648 564 2695 V,
597 2659 664 2697 34,
699 2659 749 2698 37
785 2646 1001 2696 precipiat:
1035 2647 1126 2698 Ego
1158 2655 1283 2684 autem
1319 2647 1403 2684 dico
1437 2647 1542 2683 vobis
1573 2659 1646 2682 non
1679 2646 1825 2692 iurare,

588 2814 617 2839 4.
639 2806 733 2833 Cod.:
755 2813 843 2841 quam
864 2806 959 2833 deest.
1062 2813 1099 2833 12.
1121 2805 1216 2833 Cod.:
1237 2808 1381 2833 moveret.
1484 2803 1526 2831 23.
1546 2804 1642 2836 sicut‚·
1662 2804 1748 2831 cod.:
1769 2804 1824 2831 sic.

520 2840 634 2869 25—26.
648 2841 743 2867 (jode
761 2843 982 2874 processerant
999 2840 1088 2867 simul
1103 2848 1162 2867 non
1184 2842 1391 2875 pervenerunt
1410 2840 1642 2866 exclaustrales.
1667 2838 1734 2865 Vid.
1752 2839 1769 2865 Ι.
1786 2845 1823 2865 21.
