2050 3292
223 222 303 273 582

305 1220 378 1256 Repl
410 1232 416 1246 :

248 1255 304 1283 Sin
323 1228 479 1293 iS.dyef.ects

242 1294 295 1317 not
315 1294 480 1324 privation,

278 1332 452 1357 moreover,

226 1358 379 1395 privation
391 1360 498 1386 allows

251 1395 287 1422 of
304 1402 390 1421 more
410 1393 469 1421 and

324 1429 395 1456 less.

249 2119 435 2154 disposition
456 2124 487 2146 to

252 2163 341 2182 serve
364 2154 433 2181 God
455 2154 481 2181 is

237 2194 290 2216 not
311 2188 501 2216 determined

231 2225 303 2260 only
324 2224 361 2260 by
376 2225 426 2251 the
441 2228 504 2251 acts

241 2259 276 2286 of
292 2258 340 2286 his
361 2263 493 2293 parents.

935 226 994 256 DE
1022 224 1158 256 CIVILI
1184 224 1395 255 DOMtho.
1591 209 1698 266 [CAP.
1719 220 1818 246 xxv.

511 334 773 371 extrinsecum
796 331 913 367 fuerit
933 329 1216 368 voluntarium.
1251 331 1298 364 Et
1327 337 1435 375 patet
1462 328 1516 364 eis
1549 327 1617 375 qui
1648 336 1820 364 noscunt

511 393 619 440 quod
657 399 753 438 aput
786 391 912 424 Deum
953 396 1044 424 sunt
1079 386 1216 423 omnia
1253 385 1442 433 preterita
1473 386 1533 421 vel
1566 386 1698 421 futura
1732 397 1820 433 pre-

511 449 644 486 sencia
675 448 881 496 quomodo
919 459 942 482 a
968 446 1172 481 voluntate
1205 444 1433 480 inordinata
1465 443 1584 491 primi
1613 440 1618 495 Ι
1647 442 1821 479 hominis
1866 443 1947 477 236³

513 515 569 544 est
611 518 729 542 omne
774 511 983 552 peccatum
1036 502 1227 549 originale
1275 501 1558 545 voluntarium,
1612 501 1704 548 quia
1756 500 1823 536 illa

511 566 693 602 voluntas
717 575 791 611 que
814 563 920 609 olym
943 573 1024 597 non
1048 569 1103 596 est
1125 567 1261 596 causat
1286 559 1456 595 mediate
1488 560 1564 594 hoc
1596 567 1821 606 peccatum,
1839 561 1854 592 5

512 632 550 659 et
581 623 636 658 sic
670 623 744 657 hoc
777 627 985 667 peccatum
1026 627 1084 655 est
1117 629 1224 653 nunc
1255 616 1524 652 voluntarium
1560 629 1580 652 a
1615 616 1823 652 voluntate

512 693 589 729 que
622 691 704 715 non
736 690 842 714 nunc
865 684 1002 713 causat
1034 677 1110 711 hoc
1142 683 1366 723 peccatum,
1401 675 1491 722 quia
1524 673 1591 709 illa
1613 686 1694 709 non
1717 686 1824 710 nunc

514 747 571 774 est
594 737 661 773 sed
694 737 804 784 prius
837 747 909 782 pro
943 746 1015 770 suo
1048 742 1230 780 tempore
1263 740 1401 768 causat
1434 732 1509 767 hoc
1541 739 1753 779 peccatum
1788 739 1825 767 et

513 796 568 832 sic
596 792 881 831 denominacio
904 791 1060 840 passiva
1083 803 1187 826 nunc
1215 798 1272 826 est
1294 802 1316 825 a
1341 788 1675 825 denominacione
1697 788 1825 825 activa

513 867 591 901 que
623 853 727 899 olym
764 850 879 886 desiit
912 861 1008 886 esse.
1043 851 1091 884 Et
1125 860 1215 884 curn
1248 856 1457 895 peccatum
1483 854 1625 882 nature
1647 846 1826 894 sequitur
1846 859 1883 879 10

512 919 638 947 totum
674 921 796 957 genus
828 915 1085 955 peccatorum
1121 904 1456 941 descendencium
1496 906 1544 940 ab
1577 904 1645 940 illo
1679 903 1825 953 stipite,

513 977 623 1016 patet
674 966 878 1014 quomodo
925 977 968 1001 ex
1012 972 1178 1012 peccato
1223 971 1365 999 nature
1411 971 1448 999 et
1492 961 1660 1009 triplicis
1702 961 1827 998 hostis

514 1025 766 1074 suggestione
799 1022 1024 1059 necessitati
1056 1030 1147 1058 sunt
1171 1022 1220 1057 ad
1245 1021 1514 1068 peccandum3
1548 1020 1826 1056 necessitatem

514 1084 604 1120 dico
638 1095 681 1119 ex
713 1081 995 1130 supposicione
1018 1093 1098 1116 non
1121 1079 1344 1116 absolutam
1369 1078 1576 1114 tollentem
1600 1077 1825 1114 libertatem

515 1140 682 1178 arbitrii.
1848 1138 1884 1168 15

571 1200 631 1235 Ad
658 1197 831 1246 primam
859 1195 1098 1233 instanciam
1130 1203 1297 1242 negatur
1325 1201 1588 1241 assumptum,
1618 1205 1707 1228 cum
1737 1204 1827 1240 pec-

515 1266 647 1294 catum
693 1255 742 1291 sit
781 1254 957 1290 defectus
996 1262 1033 1289 et
1070 1265 1151 1288 non
1184 1251 1381 1299 privaci03
1429 1251 1552 1287 multa
1586 1259 1717 1287 autem
1753 1263 1829 1299 que

513 1315 723 1351 includunt
769 1311 1040 1360 privacionem
1090 1309 1310 1346 formaliter
1355 1308 1575 1357 suscipiunt
1621 1308 1744 1355 magis
1793 1316 1830 1344 et

516 1373 661 1416 minus,
694 1379 737 1406 ut
770 1378 879 1418 patet
913 1371 961 1405 de
994 1368 1189 1417 parvitate
1223 1377 1260 1404 et
1290 1367 1536 1412 remissione,
1573 1368 1620 1402 de
1643 1365 1829 1402 tarditate

516 1440 553 1468 et
591 1429 646 1466 eis
684 1428 898 1473 similibus3
944 1436 981 1462 et
1019 1426 1074 1462 sic
1114 1435 1171 1462 est
1209 1426 1255 1461 de
1294 1424 1512 1461 defectibus
1548 1424 1608 1460 vel
1640 1423 1828 1472 peccatis.
1847 1435 1887 1456 20

516 1487 641 1524 Aliter
674 1486 779 1522 enim
814 1486 968 1521 nullum
1003 1491 1211 1532 peccatum
1246 1483 1348 1519 foret
1382 1482 1537 1531 reliquo
1561 1481 1703 1526 maius,
1739 1494 1828 1517 cum

516 1545 736 1582 secundum
783 1545 884 1579 hanc
927 1542 1031 1578 viam
1078 1553 1196 1578 omne
1240 1549 1450 1589 peccatum
1492 1540 1594 1576 foret
1638 1539 1828 1587 privacio,

517 1612 558 1639 ut
591 1614 710 1639 omne
743 1600 895 1637 crimen
928 1601 1030 1636 foret
1063 1598 1246 1636 carencia
1279 1598 1434 1635 iusticie
1468 1606 1518 1644 et,
1558 1597 1659 1634 sicut
1691 1609 1831 1633 omnes

517 1669 697 1698 carentes
750 1658 908 1695 iusticia
959 1658 1020 1694 vel
1073 1656 1207 1705 gracia
1255 1669 1354 1704 eque
1402 1664 1550 1701 carent,
1613 1655 1668 1691 sic
1714 1667 1832 1691 omne

517 1727 726 1767 peccatum
783 1717 951 1752 mortale
1003 1716 1104 1751 foret
1149 1727 1248 1762 eque
1293 1727 1410 1761 grave
1454 1721 1678 1761 peccatum,
1730 1712 1889 1749 sicut25

519 1785 575 1813 est
608 1787 708 1824 eque
741 1786 858 1823 grave
893 1774 1080 1820 mortale;
1116 1785 1222 1808 mors
1256 1772 1360 1808 enim
1394 1784 1476 1807 non
1508 1770 1673 1819 suscipit
1706 1770 1832 1818 magis

518 1844 555 1871 et
596 1833 738 1879 mium,
785 1845 873 1868 cum
912 1843 1052 1868 omnes
1094 1829 1239 1866 mortui
1277 1838 1368 1866 sunt
1401 1841 1499 1877 eque
1535 1828 1695 1865 mortui.
1742 1829 1834 1865 Ideo

518 1893 769 1940 loquendum
800 1899 858 1927 est
881 1890 928 1925 de
951 1897 1130 1938 peccato,
1165 1897 1208 1924 ut
1232 1887 1326 1924 dicit
1350 1887 1548 1923 defectum
1573 1886 1614 1922 in
1638 1885 1832 1932 moribus,

518 1950 610 1986 licet
655 1947 840 1985 carencia
883 1947 1074 1983 virtutum
1114 1946 1174 1982 vel
1214 1958 1294 1982 non
1339 1947 1485 1981 habere
1524 1944 1699 1992 graciam
1740 1957 1832 1981 con-

520 2016 711 2056 sequatur
743 2007 804 2042 vel
836 2007 1027 2053 precedat
1059 2013 1142 2040 eter
1171 1999 1174 2056 l
1205 2004 1362 2040 naliter.
1871 2002 1953 2038 236¹*

576 2066 637 2101 Ad
668 2065 889 2100 secundum
922 2062 1068 2098 dicitur
1099 2063 1208 2110 quod
1241 2061 1373 2109 prima
1405 2073 1496 2108 pars
1526 2059 1719 2108 assumpti
1751 2072 1832 2095 non

520 2123 714 2171 sequitur,
748 2121 842 2170 quia
875 2121 978 2158 sicut
1009 2132 1101 2168 sepe
1135 2119 1333 2167 contingit
1366 2118 1490 2155 filium
1522 2130 1605 2155 esse
1639 2117 1830 2154 maiorem

521 2190 557 2217 et
592 2181 730 2217 melius
764 2178 1131 2227 complexionatum
1161 2186 1327 2226 parente
1360 2176 1556 2225 proximo,
1590 2175 1645 2212 sic
1669 2184 1706 2211 et
1740 2187 1832 2211 con-

518 2239 635 2286 tingit
668 2239 776 2286 quod
809 2237 857 2273 sit
891 2248 1059 2284 corpore
1093 2235 1332 2284 disposicior
1377 2236 1427 2271 ad
1459 2233 1714 2270 serviendum
1747 2235 1832 2268 Deo

521 2305 558 2333 et
590 2296 843 2344 preveniente
877 2293 1011 2342 gracia
1045 2295 1090 2330 de
1124 2294 1229 2330 facto
1260 2294 1382 2329 addat
1406 2292 1552 2328 mentis
1577 2290 1829 2339 diligenciam
1850 2294 1888 2326 35

521 2355 570 2391 ad
609 2353 827 2401 perfeccius
859 2352 1133 2398 serviendum3
1168 2364 1261 2387 nam
1297 2350 1491 2387 naturalis
1525 2348 1740 2398 disposicio
1773 2349 1834 2385 vel

520 2410 778 2459 indisposicio
822 2423 903 2447 non
949 2419 1005 2446 est
1050 2422 1119 2457 per
1163 2422 1204 2446 se
1249 2408 1452 2445 sufficiens
1497 2409 1547 2444 ad
1585 2407 1831 2443 causandum

522 2469 710 2505 meritum
744 2468 823 2505 sive
856 2467 1095 2504 demeritum
1131 2467 1300 2512 actuale,
1343 2467 1411 2502 sed
1450 2465 1668 2513 requiritur
1699 2463 1833 2512 gracia

521 2536 558 2563 et
591 2526 792 2575 operacio,
826 2527 875 2562 ad
909 2538 1029 2575 quam
1065 2524 1280 2573 disposicio
1308 2525 1367 2560 vel
1401 2522 1659 2571 indisposicio
1692 2529 1833 2558 nature

521 2585 687 2621 facilitat
717 2585 777 2620 vel
810 2584 1032 2631 difficultat,
1077 2584 1144 2619 sed
1189 2595 1270 2618 non
1314 2594 1382 2629 per
1414 2594 1454 2618 se
1486 2580 1716 2625 necessitat3
1762 2592 1834 2616 nec
1849 2592 1891 2623 40

522 2641 782 2690 indisposicio
815 2654 888 2690 pro
920 2641 1051 2689 primo
1084 2640 1249 2677 instanti
1294 2639 1417 2688 prolis
1450 2651 1521 2687 per
1552 2651 1592 2674 se
1624 2638 1834 2674 necessitat

524 2701 573 2736 ad
597 2699 865 2737 maioritatern
889 2700 1042 2747 peccati
1064 2698 1280 2746 originalis,
1314 2698 1382 2733 sed
1406 2710 1498 2733 cum
1528 2697 1602 2733 hoc
1625 2703 1832 2744 peccatum

594 2841 622 2868 9.
645 2833 740 2861 Cod.:
762 2840 780 2860 a
802 2832 1050 2860 denominancia.
1124 2831 1165 2858 16.
1186 2838 1333 2867 negatur.
1356 2829 1450 2858 Cod.:
1471 2831 1591 2856 nature.
