<?xml version="1.0" encoding="UTF-8"?>
<!DOCTYPE html PUBLIC "-//W3C//DTD XHTML 1.0 Transitional//EN"
    "http://www.w3.org/TR/xhtml1/DTD/xhtml1-transitional.dtd">
<html xmlns="http://www.w3.org/1999/xhtml" xml:lang="en" lang="en">
 <head>
  <title>
</title>
<meta http-equiv="Content-Type" content="text/html;charset=utf-8" />
  <meta name='ocr-system' content='tesseract 3.04.00' />
  <meta name='ocr-capabilities' content='ocr_page ocr_carea ocr_par ocr_line ocrx_word'/>
</head>
<body>
  <div class='ocr_page' id='page_1' title='image "./decivilidominio04wycl_0218.png"; bbox 0 0 2050 3292; ppageno 0'>
   <div class='ocr_carea' id='block_1_1' title="bbox 210 212 289 260">
    <p class='ocr_par' dir='ltr' id='par_1_1' title="bbox 210 212 289 260">
     <span class='ocr_line' id='line_1_1' title="bbox 210 212 289 260; baseline -0.013 -11"><span class='ocrx_word' id='word_1_1' title='bbox 210 212 289 260; x_wconf 63' lang='lat' dir='ltr'>§OS</span> 
     </span>
    </p>
   </div>
   <div class='ocr_carea' id='block_1_2' title="bbox 222 680 463 821">
    <p class='ocr_par' dir='ltr' id='par_1_2' title="bbox 239 680 456 716">
     <span class='ocr_line' id='line_1_2' title="bbox 239 680 456 716; baseline 0 -9"><span class='ocrx_word' id='word_1_2' title='bbox 239 680 400 716; x_wconf 75' lang='lat' dir='ltr'>Necessity</span> <span class='ocrx_word' id='word_1_3' title='bbox 422 680 456 707; x_wconf 85' lang='lat' dir='ltr'>of</span> 
     </span>
    </p>

    <p class='ocr_par' dir='ltr' id='par_1_3' title="bbox 222 716 463 750">
     <span class='ocr_line' id='line_1_3' title="bbox 222 716 463 750; baseline 0 -8"><span class='ocrx_word' id='word_1_4' title='bbox 222 716 367 750; x_wconf 73' lang='lat' dir='ltr'>baptism„</span> <span class='ocrx_word' id='word_1_5' title='bbox 391 716 463 742; x_wconf 78' lang='lat' dir='ltr'>both</span> 
     </span>
    </p>

    <p class='ocr_par' dir='ltr' id='par_1_4' title="bbox 237 751 455 821">
     <span class='ocr_line' id='line_1_4' title="bbox 237 751 455 778; baseline 0.005 -1"><span class='ocrx_word' id='word_1_6' title='bbox 237 752 376 778; x_wconf 78' lang='lat' dir='ltr'>outward</span> <span class='ocrx_word' id='word_1_7' title='bbox 399 751 455 778; x_wconf 80' lang='lat' dir='ltr'>and</span> 
     </span>
     <span class='ocr_line' id='line_1_5' title="bbox 269 787 421 821; baseline 0 -8"><span class='ocrx_word' id='word_1_8' title='bbox 269 787 421 821; x_wconf 70' lang='lat' dir='ltr'>spii-iuml.</span> 
     </span>
    </p>
   </div>
   <div class='ocr_carea' id='block_1_3' title="bbox 227 1145 458 1244">
    <p class='ocr_par' dir='ltr' id='par_1_5' title="bbox 227 1145 458 1244">
     <span class='ocr_line' id='line_1_6' title="bbox 227 1145 458 1185; baseline -0.004 -12"><span class='ocrx_word' id='word_1_9' title='bbox 227 1145 458 1185; x_wconf 22' lang='lat' dir='ltr'>Howhoriginal</span> 
     </span>
     <span class='ocr_line' id='line_1_7' title="bbox 296 1188 388 1208; baseline -0.011 0"><span class='ocrx_word' id='word_1_10' title='bbox 296 1188 342 1208; x_wconf 81' lang='lat' dir='ltr'>sin</span> <span class='ocrx_word' id='word_1_11' title='bbox 363 1189 388 1208; x_wconf 79' lang='lat' dir='ltr'>is</span> 
     </span>
     <span class='ocr_line' id='line_1_8' title="bbox 242 1216 448 1244; baseline 0 -2"><span class='ocrx_word' id='word_1_12' title='bbox 242 1216 448 1244; x_wconf 81' lang='lat' dir='ltr'>transmitted.</span> 
     </span>
    </p>
   </div>
   <div class='ocr_carea' id='block_1_4' title="bbox 222 1844 464 1912">
    <p class='ocr_par' dir='ltr' id='par_1_6' title="bbox 222 1844 464 1912">
     <span class='ocr_line' id='line_1_9' title="bbox 222 1844 464 1871; baseline -0.004 0"><span class='ocrx_word' id='word_1_13' title='bbox 222 1845 365 1871; x_wconf 70' lang='lat' dir='ltr'>Parallels</span> <span class='ocrx_word' id='word_1_14' title='bbox 386 1844 464 1870; x_wconf 78' lang='lat' dir='ltr'>from</span> 
     </span>
     <span class='ocr_line' id='line_1_10' title="bbox 294 1886 401 1912; baseline 0.009 -7"><span class='ocrx_word' id='word_1_15' title='bbox 294 1887 308 1905; x_wconf 76' lang='lat' dir='ltr'>n</span> <span class='ocrx_word' id='word_1_16' title='bbox 329 1886 401 1912; x_wconf 74' lang='lat' dir='ltr'>iree‚</span> 
     </span>
    </p>
   </div>
   <div class='ocr_carea' id='block_1_5' title="bbox 276 2076 420 2112">
    <p class='ocr_par' dir='ltr' id='par_1_7' title="bbox 276 2076 420 2112">
     <span class='ocr_line' id='line_1_11' title="bbox 276 2076 420 2112; baseline 0.007 -9"><span class='ocrx_word' id='word_1_17' title='bbox 276 2085 290 2103; x_wconf 82' lang='lat' dir='ltr'>a</span> <span class='ocrx_word' id='word_1_18' title='bbox 313 2076 420 2112; x_wconf 75' lang='lat' dir='ltr'>spring</span> 
     </span>
    </p>
   </div>
   <div class='ocr_carea' id='block_1_6' title="bbox 242 2365 450 2395">
    <p class='ocr_par' dir='ltr' id='par_1_8' title="bbox 242 2365 450 2395">
     <span class='ocr_line' id='line_1_12' title="bbox 242 2365 450 2395; baseline 0.005 -2"><span class='ocrx_word' id='word_1_19' title='bbox 242 2374 257 2393; x_wconf 83' lang='lat' dir='ltr'>a</span> <span class='ocrx_word' id='word_1_20' title='bbox 278 2365 450 2395; x_wconf 77' lang='lat' dir='ltr'>forfeiture.</span> 
     </span>
    </p>
   </div>
   <div class='ocr_carea' id='block_1_7' title="bbox 927 200 1807 257">
    <p class='ocr_par' dir='ltr' id='par_1_9' title="bbox 927 200 1807 257">
     <span class='ocr_line' id='line_1_13' title="bbox 927 200 1807 257; baseline -0.016 -7"><span class='ocrx_word' id='word_1_21' title='bbox 927 218 985 249; x_wconf 77' lang='lat' dir='ltr'>DE</span> <span class='ocrx_word' id='word_1_22' title='bbox 1015 217 1150 250; x_wconf 49' lang='lat' dir='ltr'>C1v1111</span> <span class='ocrx_word' id='word_1_23' title='bbox 1178 216 1388 249; x_wconf 66' lang='lat' dir='ltr'>omnmo.</span> <span class='ocrx_word' id='word_1_24' title='bbox 1585 200 1692 257; x_wconf 60' lang='lat' dir='ltr'>[cAr‘.</span> <span class='ocrx_word' id='word_1_25' title='bbox 1712 209 1807 239; x_wconf 63' lang='lat' dir='ltr'>xxv.</span> 
     </span>
    </p>
   </div>
   <div class='ocr_carea' id='block_1_8' title="bbox 496 319 1938 2745">
    <p class='ocr_par' dir='ltr' id='par_1_10' title="bbox 496 319 1938 2745">
     <span class='ocr_line' id='line_1_14' title="bbox 498 319 1809 371; baseline -0.002 -12"><span class='ocrx_word' id='word_1_26' title='bbox 498 326 568 361; x_wconf 71' lang='lat' dir='ltr'>Dei</span> <span class='ocrx_word' id='word_1_27' title='bbox 597 323 749 361; x_wconf 84' lang='lat' dir='ltr'>iusticie</span> <span class='ocrx_word' id='word_1_28' title='bbox 782 325 889 371; x_wconf 80' lang='lat' dir='ltr'>quod</span> <span class='ocrx_word' id='word_1_29' title='bbox 919 324 1040 359; x_wconf 88' lang='lat' dir='ltr'>homo</span> <span class='ocrx_word' id='word_1_30' title='bbox 1064 324 1122 359; x_wconf 77' lang='lat' dir='ltr'>vel</span> <span class='ocrx_word' id='word_1_31' title='bbox 1152 335 1221 370; x_wconf 80' lang='lat' dir='ltr'>per</span> <span class='ocrx_word' id='word_1_32' title='bbox 1248 323 1401 358; x_wconf 82' lang='lat' dir='ltr'>instans</span> <span class='ocrx_word' id='word_1_33' title='bbox 1426 321 1585 358; x_wconf 78' lang='lat' dir='ltr'>deficiat</span> <span class='ocrx_word' id='word_1_34' title='bbox 1608 333 1629 356; x_wconf 90' lang='lat' dir='ltr'>a</span> <span class='ocrx_word' id='word_1_35' title='bbox 1653 319 1809 356; x_wconf 82' lang='lat' dir='ltr'>iusticia</span> 
     </span>
     <span class='ocr_line' id='line_1_15' title="bbox 497 377 1809 428; baseline -0.005 -10"><span class='ocrx_word' id='word_1_36' title='bbox 497 382 630 419; x_wconf 80' lang='lat' dir='ltr'>debita</span> <span class='ocrx_word' id='word_1_37' title='bbox 654 382 741 418; x_wconf 85' lang='lat' dir='ltr'>Deo</span> <span class='ocrx_word' id='word_1_38' title='bbox 764 394 835 418; x_wconf 88' lang='lat' dir='ltr'>suo</span> <span class='ocrx_word' id='word_1_39' title='bbox 859 380 934 418; x_wconf 89' lang='lat' dir='ltr'>nisi</span> <span class='ocrx_word' id='word_1_40' title='bbox 959 382 1018 417; x_wconf 74' lang='lat' dir='ltr'>vel</span> <span class='ocrx_word' id='word_1_41' title='bbox 1053 390 1245 428; x_wconf 80' lang='lat' dir='ltr'>perpetuo</span> <span class='ocrx_word' id='word_1_42' title='bbox 1278 380 1469 428; x_wconf 78' lang='lat' dir='ltr'>puniatur</span> <span class='ocrx_word' id='word_1_43' title='bbox 1499 379 1560 416; x_wconf 82' lang='lat' dir='ltr'>vel</span> <span class='ocrx_word' id='word_1_44' title='bbox 1593 377 1809 415; x_wconf 76' lang='lat' dir='ltr'>satisfaciat</span> 
     </span>
     <span class='ocr_line' id='line_1_16' title="bbox 497 438 1810 487; baseline -0.003 -12"><span class='ocrx_word' id='word_1_45' title='bbox 497 439 537 476; x_wconf 89' lang='lat' dir='ltr'>in</span> <span class='ocrx_word' id='word_1_46' title='bbox 570 453 611 476; x_wconf 90' lang='lat' dir='ltr'>se</span> <span class='ocrx_word' id='word_1_47' title='bbox 643 440 703 476; x_wconf 69' lang='lat' dir='ltr'>vel</span> <span class='ocrx_word' id='word_1_48' title='bbox 742 439 781 475; x_wconf 90' lang='lat' dir='ltr'>in</span> <span class='ocrx_word' id='word_1_49' title='bbox 820 448 963 475; x_wconf 84' lang='lat' dir='ltr'>natura</span> <span class='ocrx_word' id='word_1_50' title='bbox 1003 451 1079 487; x_wconf 91' lang='lat' dir='ltr'>que</span> <span class='ocrx_word' id='word_1_51' title='bbox 1113 447 1170 475; x_wconf 90' lang='lat' dir='ltr'>est</span> <span class='ocrx_word' id='word_1_52' title='bbox 1203 438 1301 487; x_wconf 89' lang='lat' dir='ltr'>ipse.</span> <span class='ocrx_word' id='word_1_53' title='bbox 1355 439 1397 473; x_wconf 94' lang='lat' dir='ltr'>In</span> <span class='ocrx_word' id='word_1_54' title='bbox 1429 450 1468 474; x_wconf 91' lang='lat' dir='ltr'>se</span> <span class='ocrx_word' id='word_1_55' title='bbox 1501 445 1634 473; x_wconf 87' lang='lat' dir='ltr'>autem</span> <span class='ocrx_word' id='word_1_56' title='bbox 1670 445 1706 471; x_wconf 90' lang='lat' dir='ltr'>et</span> <span class='ocrx_word' id='word_1_57' title='bbox 1739 448 1810 483; x_wconf 91' lang='lat' dir='ltr'>per</span> 
     </span>
     <span class='ocr_line' id='line_1_17' title="bbox 497 493 1809 546; baseline -0.004 -12"><span class='ocrx_word' id='word_1_58' title='bbox 497 510 537 534; x_wconf 91' lang='lat' dir='ltr'>se</span> <span class='ocrx_word' id='word_1_59' title='bbox 570 510 649 534; x_wconf 91' lang='lat' dir='ltr'>non</span> <span class='ocrx_word' id='word_1_60' title='bbox 682 505 814 546; x_wconf 90' lang='lat' dir='ltr'>potest</span> <span class='ocrx_word' id='word_1_61' title='bbox 845 505 1034 544; x_wconf 87' lang='lat' dir='ltr'>peccator</span> <span class='ocrx_word' id='word_1_62' title='bbox 1067 497 1292 533; x_wconf 78' lang='lat' dir='ltr'>satisfacere</span> <span class='ocrx_word' id='word_1_63' title='bbox 1336 509 1408 544; x_wconf 87' lang='lat' dir='ltr'>pro</span> <span class='ocrx_word' id='word_1_64' title='bbox 1442 494 1670 543; x_wconf 78' lang='lat' dir='ltr'>commisso,</span> <span class='ocrx_word' id='word_1_65' title='bbox 1716 493 1809 541; x_wconf 85' lang='lat' dir='ltr'>quia</span> 
     </span>
     <span class='ocr_line' id='line_1_18' title="bbox 497 552 1866 602; baseline -0.003 -12"><span class='ocrx_word' id='word_1_66' title='bbox 497 564 678 592; x_wconf 80' lang='lat' dir='ltr'>remanet</span> <span class='ocrx_word' id='word_1_67' title='bbox 725 555 880 591; x_wconf 88' lang='lat' dir='ltr'>debitor</span> <span class='ocrx_word' id='word_1_68' title='bbox 925 554 1081 591; x_wconf 81' lang='lat' dir='ltr'>servicii</span> <span class='ocrx_word' id='word_1_69' title='bbox 1126 554 1247 590; x_wconf 85' lang='lat' dir='ltr'>futuri</span> <span class='ocrx_word' id='word_1_70' title='bbox 1286 562 1480 602; x_wconf 85' lang='lat' dir='ltr'>quantum</span> <span class='ocrx_word' id='word_1_71' title='bbox 1517 552 1678 599; x_wconf 78' lang='lat' dir='ltr'>sufficit⁷</span> <span class='ocrx_word' id='word_1_72' title='bbox 1722 553 1809 587; x_wconf 87' lang='lat' dir='ltr'>ideo</span> <span class='ocrx_word' id='word_1_73' title='bbox 1850 554 1866 585; x_wconf 83' lang='grc'>5</span> 
     </span>
     <span class='ocr_line' id='line_1_19' title="bbox 497 608 1808 660; baseline -0.004 -11"><span class='ocrx_word' id='word_1_74' title='bbox 497 625 618 649; x_wconf 85' lang='lat' dir='ltr'>nemo</span> <span class='ocrx_word' id='word_1_75' title='bbox 662 621 792 660; x_wconf 87' lang='lat' dir='ltr'>potest</span> <span class='ocrx_word' id='word_1_76' title='bbox 830 612 972 649; x_wconf 89' lang='lat' dir='ltr'>salvari</span> <span class='ocrx_word' id='word_1_77' title='bbox 1011 611 1086 648; x_wconf 87' lang='lat' dir='ltr'>nisi</span> <span class='ocrx_word' id='word_1_78' title='bbox 1126 613 1348 660; x_wconf 80' lang='lat' dir='ltr'>baptizetur</span> <span class='ocrx_word' id='word_1_79' title='bbox 1388 610 1587 659; x_wconf 86' lang='lat' dir='ltr'>baptismo</span> <span class='ocrx_word' id='word_1_80' title='bbox 1620 608 1808 645; x_wconf 87' lang='lat' dir='ltr'>flaminis.</span> 
     </span>
     <span class='ocr_line' id='line_1_20' title="bbox 498 669 1875 719; baseline -0.004 -12"><span class='ocrx_word' id='word_1_81' title='bbox 498 673 546 706; x_wconf 87' lang='lat' dir='ltr'>Et</span> <span class='ocrx_word' id='word_1_82' title='bbox 590 670 799 719; x_wconf 87' lang='lat' dir='ltr'>supposita</span> <span class='ocrx_word' id='word_1_83' title='bbox 843 671 929 717; x_wconf 89' lang='lat' dir='ltr'>lege</span> <span class='ocrx_word' id='word_1_84' title='bbox 974 669 1045 706; x_wconf 90' lang='lat' dir='ltr'>Dei</span> <span class='ocrx_word' id='word_1_85' title='bbox 1091 678 1128 706; x_wconf 91' lang='lat' dir='ltr'>et</span> <span class='ocrx_word' id='word_1_86' title='bbox 1174 670 1288 718; x_wconf 91' lang='lat' dir='ltr'>lapsu</span> <span class='ocrx_word' id='word_1_87' title='bbox 1334 670 1502 705; x_wconf 88' lang='lat' dir='ltr'>hominis</span> <span class='ocrx_word' id='word_1_88' title='bbox 1547 679 1708 704; x_wconf 85' lang='lat' dir='ltr'>necesse</span> <span class='ocrx_word' id='word_1_89' title='bbox 1753 674 1811 702; x_wconf 89' lang='lat' dir='ltr'>est</span> <span class='ocrx_word' id='word_1_90' title='bbox 1850 671 1875 701; x_wconf 93' lang='lat' dir='ltr'>C</span> 
     </span>
     <span class='ocr_line' id='line_1_21' title="bbox 497 724 1809 776; baseline -0.004 -12"><span class='ocrx_word' id='word_1_91' title='bbox 497 741 658 764; x_wconf 90' lang='lat' dir='ltr'>omnem</span> <span class='ocrx_word' id='word_1_92' title='bbox 698 736 931 776; x_wconf 85' lang='lat' dir='ltr'>peccantem</span> <span class='ocrx_word' id='word_1_93' title='bbox 973 726 1219 775; x_wconf 79' lang='lat' dir='ltr'>originaliter</span> <span class='ocrx_word' id='word_1_94' title='bbox 1264 735 1301 763; x_wconf 91' lang='lat' dir='ltr'>et</span> <span class='ocrx_word' id='word_1_95' title='bbox 1345 725 1580 763; x_wconf 89' lang='lat' dir='ltr'>salvandum</span> <span class='ocrx_word' id='word_1_96' title='bbox 1621 724 1809 773; x_wconf 85' lang='lat' dir='ltr'>baptisari</span> 
     </span>
     <span class='ocr_line' id='line_1_22' title="bbox 498 783 1807 834; baseline -0.004 -12"><span class='ocrx_word' id='word_1_97' title='bbox 498 799 602 834; x_wconf 79' lang='lat' dir='ltr'>aqua</span> <span class='ocrx_word' id='word_1_98' title='bbox 637 795 673 822; x_wconf 91' lang='lat' dir='ltr'>et</span> <span class='ocrx_word' id='word_1_99' title='bbox 706 785 900 833; x_wconf 89' lang='lat' dir='ltr'>sanguine</span> <span class='ocrx_word' id='word_1_100' title='bbox 934 785 1087 822; x_wconf 79' lang='lat' dir='ltr'>effluxis</span> <span class='ocrx_word' id='word_1_101' title='bbox 1120 786 1167 821; x_wconf 93' lang='lat' dir='ltr'>de</span> <span class='ocrx_word' id='word_1_102' title='bbox 1200 786 1323 821; x_wconf 88' lang='lat' dir='ltr'>latere</span> <span class='ocrx_word' id='word_1_103' title='bbox 1357 783 1547 822; x_wconf 86' lang='lat' dir='ltr'>crucifixi.</span> <span class='ocrx_word' id='word_1_104' title='bbox 1582 786 1624 820; x_wconf 94' lang='lat' dir='ltr'>In</span> <span class='ocrx_word' id='word_1_105' title='bbox 1653 783 1807 831; x_wconf 85' lang='lat' dir='ltr'>signum</span> 
     </span>
     <span class='ocr_line' id='line_1_23' title="bbox 498 840 1869 892; baseline -0.004 -12"><span class='ocrx_word' id='word_1_106' title='bbox 498 853 629 880; x_wconf 83' lang='lat' dir='ltr'>autem</span> <span class='ocrx_word' id='word_1_107' title='bbox 666 843 782 879; x_wconf 87' lang='lat' dir='ltr'>huius</span> <span class='ocrx_word' id='word_1_108' title='bbox 815 852 975 892; x_wconf 85' lang='lat' dir='ltr'>oportet</span> <span class='ocrx_word' id='word_1_109' title='bbox 1009 852 1098 891; x_wconf 87' lang='lat' dir='ltr'>post</span> <span class='ocrx_word' id='word_1_110' title='bbox 1131 843 1449 891; x_wconf 89' lang='lat' dir='ltr'>publicacionem</span> <span class='ocrx_word' id='word_1_111' title='bbox 1485 840 1678 890; x_wconf 82' lang='lat' dir='ltr'>evangelii</span> <span class='ocrx_word' id='word_1_112' title='bbox 1703 841 1809 889; x_wconf 83' lang='lat' dir='ltr'>quod</span> <span class='ocrx_word' id='word_1_113' title='bbox 1832 854 1869 874; x_wconf 84' lang='lat'>10</span> 
     </span>
     <span class='ocr_line' id='line_1_24' title="bbox 498 898 1811 950; baseline -0.003 -13"><span class='ocrx_word' id='word_1_114' title='bbox 498 903 619 938; x_wconf 86' lang='lat' dir='ltr'>homo</span> <span class='ocrx_word' id='word_1_115' title='bbox 643 901 867 950; x_wconf 76' lang='lat' dir='ltr'>baptisatur</span> <span class='ocrx_word' id='word_1_116' title='bbox 883 914 987 949; x_wconf 87' lang='lat' dir='ltr'>aqua</span> <span class='ocrx_word' id='word_1_117' title='bbox 1011 900 1175 949; x_wconf 88' lang='lat' dir='ltr'>propria</span> <span class='ocrx_word' id='word_1_118' title='bbox 1198 900 1388 949; x_wconf 83' lang='lat' dir='ltr'>baptismi</span> <span class='ocrx_word' id='word_1_119' title='bbox 1411 900 1485 936; x_wconf 91' lang='lat' dir='ltr'>nisi</span> <span class='ocrx_word' id='word_1_120' title='bbox 1509 899 1671 936; x_wconf 82' lang='lat' dir='ltr'>aliunde</span> <span class='ocrx_word' id='word_1_121' title='bbox 1694 898 1811 935; x_wconf 87' lang='lat' dir='ltr'>fuerit</span> 
     </span>
     <span class='ocr_line' id='line_1_25' title="bbox 497 956 1810 1007; baseline -0.002 -12"><span class='ocrx_word' id='word_1_122' title='bbox 497 959 697 996; x_wconf 80' lang='lat' dir='ltr'>excusatio</span> <span class='ocrx_word' id='word_1_123' title='bbox 724 968 890 1007; x_wconf 83' lang='lat' dir='ltr'>accepta</span> <span class='ocrx_word' id='word_1_124' title='bbox 914 972 934 996; x_wconf 87' lang='lat' dir='ltr'>a</span> <span class='ocrx_word' id='word_1_125' title='bbox 958 961 1055 1005; x_wconf 80' lang='lat' dir='ltr'>Deo,</span> <span class='ocrx_word' id='word_1_126' title='bbox 1093 968 1133 995; x_wconf 90' lang='lat' dir='ltr'>ut</span> <span class='ocrx_word' id='word_1_127' title='bbox 1166 958 1361 1006; x_wconf 81' lang='lat' dir='ltr'>contingit</span> <span class='ocrx_word' id='word_1_128' title='bbox 1389 960 1436 994; x_wconf 89' lang='lat' dir='ltr'>de</span> <span class='ocrx_word' id='word_1_129' title='bbox 1469 958 1640 1006; x_wconf 82' lang='lat' dir='ltr'>gloriose</span> <span class='ocrx_word' id='word_1_130' title='bbox 1674 956 1810 993; x_wconf 88' lang='lat' dir='ltr'>marti-</span> 
     </span>
     <span class='ocr_line' id='line_1_26' title="bbox 497 1014 1810 1065; baseline -0.003 -12"><span class='ocrx_word' id='word_1_131' title='bbox 497 1018 620 1054; x_wconf 79' lang='lat' dir='ltr'>risato</span> <span class='ocrx_word' id='word_1_132' title='bbox 644 1019 702 1054; x_wconf 85' lang='lat' dir='ltr'>vel</span> <span class='ocrx_word' id='word_1_133' title='bbox 728 1026 888 1053; x_wconf 82' lang='lat' dir='ltr'>mortuo</span> <span class='ocrx_word' id='word_1_134' title='bbox 912 1018 950 1053; x_wconf 92' lang='lat' dir='ltr'>in</span> <span class='ocrx_word' id='word_1_135' title='bbox 979 1019 1144 1053; x_wconf 85' lang='lat' dir='ltr'>caritate</span> <span class='ocrx_word' id='word_1_136' title='bbox 1167 1018 1275 1065; x_wconf 86' lang='lat' dir='ltr'>quod</span> <span class='ocrx_word' id='word_1_137' title='bbox 1308 1029 1387 1053; x_wconf 92' lang='lat' dir='ltr'>non</span> <span class='ocrx_word' id='word_1_138' title='bbox 1420 1016 1641 1064; x_wconf 89' lang='lat' dir='ltr'>imputetur</span> <span class='ocrx_word' id='word_1_139' title='bbox 1664 1014 1738 1051; x_wconf 79' lang='lat' dir='ltr'>sibi</span> <span class='ocrx_word' id='word_1_140' title='bbox 1762 1015 1810 1051; x_wconf 82' lang='lat' dir='ltr'>ad</span> 
     </span>
     <span class='ocr_line' id='line_1_27' title="bbox 499 1073 1809 1123; baseline -0.002 -11"><span class='ocrx_word' id='word_1_141' title='bbox 499 1075 835 1123; x_wconf 81' lang='lat' dir='ltr'>dampnacionem</span> <span class='ocrx_word' id='word_1_142' title='bbox 877 1076 985 1123; x_wconf 88' lang='lat' dir='ltr'>quod</span> <span class='ocrx_word' id='word_1_143' title='bbox 1018 1088 1098 1110; x_wconf 90' lang='lat' dir='ltr'>non</span> <span class='ocrx_word' id='word_1_144' title='bbox 1138 1074 1359 1123; x_wconf 86' lang='lat' dir='ltr'>baptisetur</span> <span class='ocrx_word' id='word_1_145' title='bbox 1390 1074 1589 1122; x_wconf 82' lang='lat' dir='ltr'>baptismo</span> <span class='ocrx_word' id='word_1_146' title='bbox 1622 1073 1809 1110; x_wconf 58' lang='lat' dir='ltr'>fluminis</span> 
     </span>
     <span class='ocr_line' id='line_1_28' title="bbox 498 1129 1811 1184; baseline -0.002 -15"><span class='ocrx_word' id='word_1_147' title='bbox 498 1135 545 1169; x_wconf 75' lang='lat' dir='ltr'>Et</span> <span class='ocrx_word' id='word_1_148' title='bbox 578 1142 687 1182; x_wconf 85' lang='lat' dir='ltr'>patet</span> <span class='ocrx_word' id='word_1_149' title='bbox 720 1135 828 1182; x_wconf 89' lang='lat' dir='ltr'>quod</span> <span class='ocrx_word' id='word_1_150' title='bbox 861 1132 1095 1181; x_wconf 85' lang='lat' dir='ltr'>inpossibile</span> <span class='ocrx_word' id='word_1_151' title='bbox 1134 1142 1191 1169; x_wconf 89' lang='lat' dir='ltr'>est</span> <span class='ocrx_word' id='word_1_152' title='bbox 1223 1142 1431 1181; x_wconf 88' lang='lat' dir='ltr'>peccatum</span> <span class='ocrx_word' id='word_1_153' title='bbox 1461 1129 1465 1184; x_wconf 72' lang='grc' dir='ltr'>Ι</span> <span class='ocrx_word' id='word_1_154' title='bbox 1495 1131 1689 1180; x_wconf 86' lang='lat' dir='ltr'>originale</span> <span class='ocrx_word' id='word_1_155' title='bbox 1721 1132 1811 1167; x_wconf 87' lang='lat' dir='ltr'>sub—</span> 
     </span>
     <span class='ocr_line' id='line_1_29' title="bbox 498 1189 1813 1238; baseline -0.002 -11"><span class='ocrx_word' id='word_1_156' title='bbox 498 1191 637 1228; x_wconf 83' lang='lat' dir='ltr'>iectari</span> <span class='ocrx_word' id='word_1_157' title='bbox 676 1191 715 1227; x_wconf 90' lang='lat' dir='ltr'>in</span> <span class='ocrx_word' id='word_1_158' title='bbox 755 1191 906 1228; x_wconf 86' lang='lat' dir='ltr'>semine</span> <span class='ocrx_word' id='word_1_159' title='bbox 939 1193 1033 1226; x_wconf 90' lang='lat' dir='ltr'>dum</span> <span class='ocrx_word' id='word_1_160' title='bbox 1067 1203 1148 1227; x_wconf 92' lang='lat' dir='ltr'>non</span> <span class='ocrx_word' id='word_1_161' title='bbox 1181 1191 1390 1228; x_wconf 87' lang='lat' dir='ltr'>actualiter</span> <span class='ocrx_word' id='word_1_162' title='bbox 1429 1203 1499 1238; x_wconf 89' lang='lat' dir='ltr'>per</span> <span class='ocrx_word' id='word_1_163' title='bbox 1531 1189 1708 1226; x_wconf 83' lang='lat' dir='ltr'>animam</span> <span class='ocrx_word' id='word_1_164' title='bbox 1742 1190 1813 1225; x_wconf 88' lang='lat' dir='ltr'>hu-</span> 
     </span>
     <span class='ocr_line' id='line_1_30' title="bbox 499 1247 1812 1297; baseline -0.002 -11"><span class='ocrx_word' id='word_1_165' title='bbox 499 1262 676 1296; x_wconf 74' lang='lat' dir='ltr'>manam,</span> <span class='ocrx_word' id='word_1_166' title='bbox 722 1262 768 1285; x_wconf 91' lang='lat' dir='ltr'>eo</span> <span class='ocrx_word' id='word_1_167' title='bbox 813 1250 922 1297; x_wconf 89' lang='lat' dir='ltr'>quod</span> <span class='ocrx_word' id='word_1_168' title='bbox 968 1248 1091 1285; x_wconf 81' lang='lat' dir='ltr'>nichil</span> <span class='ocrx_word' id='word_1_169' title='bbox 1130 1258 1269 1297; x_wconf 87' lang='lat' dir='ltr'>peccat</span> <span class='ocrx_word' id='word_1_170' title='bbox 1301 1247 1550 1297; x_wconf 82' lang='lat' dir='ltr'>originaliter</span> <span class='ocrx_word' id='word_1_171' title='bbox 1581 1247 1657 1283; x_wconf 90' lang='lat' dir='ltr'>nisi</span> <span class='ocrx_word' id='word_1_172' title='bbox 1690 1248 1812 1283; x_wconf 88' lang='lat' dir='ltr'>homo</span> 
     </span>
     <span class='ocr_line' id='line_1_31' title="bbox 498 1304 1812 1354; baseline -0.002 -11"><span class='ocrx_word' id='word_1_173' title='bbox 498 1317 534 1343; x_wconf 89' lang='lat' dir='ltr'>et</span> <span class='ocrx_word' id='word_1_174' title='bbox 579 1320 659 1344; x_wconf 88' lang='lat' dir='ltr'>non</span> <span class='ocrx_word' id='word_1_175' title='bbox 703 1317 760 1343; x_wconf 87' lang='lat' dir='ltr'>est</span> <span class='ocrx_word' id='word_1_176' title='bbox 793 1308 915 1343; x_wconf 83' lang='lat' dir='ltr'>homo</span> <span class='ocrx_word' id='word_1_177' title='bbox 948 1306 1023 1342; x_wconf 88' lang='lat' dir='ltr'>nisi</span> <span class='ocrx_word' id='word_1_178' title='bbox 1057 1318 1127 1354; x_wconf 88' lang='lat' dir='ltr'>per</span> <span class='ocrx_word' id='word_1_179' title='bbox 1159 1307 1336 1343; x_wconf 86' lang='lat' dir='ltr'>animam</span> <span class='ocrx_word' id='word_1_180' title='bbox 1375 1305 1675 1349; x_wconf 87' lang='lat' dir='ltr'>intellectivam,</span> <span class='ocrx_word' id='word_1_181' title='bbox 1721 1304 1812 1341; x_wconf 89' lang='lat' dir='ltr'>ideo</span> 
     </span>
     <span class='ocr_line' id='line_1_32' title="bbox 496 1364 1811 1413; baseline -0.002 -12"><span class='ocrx_word' id='word_1_182' title='bbox 496 1378 576 1401; x_wconf 91' lang='lat' dir='ltr'>non</span> <span class='ocrx_word' id='word_1_183' title='bbox 609 1364 749 1413; x_wconf 82' lang='lat' dir='ltr'>pocius</span> <span class='ocrx_word' id='word_1_184' title='bbox 772 1373 911 1412; x_wconf 83' lang='lat' dir='ltr'>peccat</span> <span class='ocrx_word' id='word_1_185' title='bbox 933 1364 1022 1400; x_wconf 84' lang='lat' dir='ltr'>talis</span> <span class='ocrx_word' id='word_1_186' title='bbox 1047 1364 1227 1411; x_wconf 84' lang='lat' dir='ltr'>materia,</span> <span class='ocrx_word' id='word_1_187' title='bbox 1261 1377 1381 1413; x_wconf 89' lang='lat' dir='ltr'>quam</span> <span class='ocrx_word' id='word_1_188' title='bbox 1405 1364 1524 1400; x_wconf 90' lang='lat' dir='ltr'>limus</span> <span class='ocrx_word' id='word_1_189' title='bbox 1547 1364 1607 1400; x_wconf 91' lang='lat' dir='ltr'>vel</span> <span class='ocrx_word' id='word_1_190' title='bbox 1629 1372 1811 1409; x_wconf 87' lang='lat' dir='ltr'>truncus;</span> 
     </span>
     <span class='ocr_line' id='line_1_33' title="bbox 497 1421 1872 1471; baseline -0.004 -12"><span class='ocrx_word' id='word_1_191' title='bbox 497 1432 707 1471; x_wconf 88' lang='lat' dir='ltr'>peccatum</span> <span class='ocrx_word' id='word_1_192' title='bbox 755 1431 885 1459; x_wconf 89' lang='lat' dir='ltr'>autem</span> <span class='ocrx_word' id='word_1_193' title='bbox 927 1421 1120 1470; x_wconf 75' lang='lat' dir='ltr'>originale</span> <span class='ocrx_word' id='word_1_194' title='bbox 1151 1435 1232 1459; x_wconf 91' lang='lat' dir='ltr'>non</span> <span class='ocrx_word' id='word_1_195' title='bbox 1271 1431 1329 1459; x_wconf 88' lang='lat' dir='ltr'>est</span> <span class='ocrx_word' id='word_1_196' title='bbox 1361 1422 1434 1458; x_wconf 90' lang='lat' dir='ltr'>nisi</span> <span class='ocrx_word' id='word_1_197' title='bbox 1468 1422 1645 1458; x_wconf 87' lang='lat' dir='ltr'>defectus</span> <span class='ocrx_word' id='word_1_198' title='bbox 1679 1421 1812 1469; x_wconf 88' lang='lat' dir='ltr'>culpa·</span> <span class='ocrx_word' id='word_1_199' title='bbox 1829 1432 1872 1453; x_wconf 86' lang='lat'>20</span> 
     </span>
     <span class='ocr_line' id='line_1_34' title="bbox 498 1478 1812 1528; baseline -0.002 -11"><span class='ocrx_word' id='word_1_200' title='bbox 498 1480 586 1517; x_wconf 88' lang='lat' dir='ltr'>bilis</span> <span class='ocrx_word' id='word_1_201' title='bbox 629 1480 784 1517; x_wconf 84' lang='lat' dir='ltr'>iusticie</span> <span class='ocrx_word' id='word_1_202' title='bbox 830 1480 993 1517; x_wconf 85' lang='lat' dir='ltr'>moralis</span> <span class='ocrx_word' id='word_1_203' title='bbox 1037 1482 1086 1516; x_wconf 90' lang='lat' dir='ltr'>ab</span> <span class='ocrx_word' id='word_1_204' title='bbox 1130 1480 1284 1528; x_wconf 80' lang='lat' dir='ltr'>origine</span> <span class='ocrx_word' id='word_1_205' title='bbox 1321 1492 1489 1528; x_wconf 87' lang='lat' dir='ltr'>persone</span> <span class='ocrx_word' id='word_1_206' title='bbox 1523 1480 1710 1524; x_wconf 85' lang='lat' dir='ltr'>humane,</span> <span class='ocrx_word' id='word_1_207' title='bbox 1756 1478 1812 1515; x_wconf 91' lang='lat' dir='ltr'>sic</span> 
     </span>
     <span class='ocr_line' id='line_1_35' title="bbox 498 1537 1811 1587; baseline -0.002 -13"><span class='ocrx_word' id='word_1_208' title='bbox 498 1540 607 1587; x_wconf 91' lang='lat' dir='ltr'>quod</span> <span class='ocrx_word' id='word_1_209' title='bbox 650 1550 770 1575; x_wconf 87' lang='lat' dir='ltr'>omne</span> <span class='ocrx_word' id='word_1_210' title='bbox 813 1547 1022 1587; x_wconf 86' lang='lat' dir='ltr'>peccatum</span> <span class='ocrx_word' id='word_1_211' title='bbox 1069 1537 1263 1586; x_wconf 86' lang='lat' dir='ltr'>originale</span> <span class='ocrx_word' id='word_1_212' title='bbox 1296 1537 1560 1586; x_wconf 87' lang='lat' dir='ltr'>presupponit</span> <span class='ocrx_word' id='word_1_213' title='bbox 1599 1549 1811 1585; x_wconf 89' lang='lat' dir='ltr'>personam</span> 
     </span>
     <span class='ocr_line' id='line_1_36' title="bbox 498 1593 1814 1644; baseline -0.002 -12"><span class='ocrx_word' id='word_1_214' title='bbox 498 1596 672 1633; x_wconf 86' lang='lat' dir='ltr'>hominis</span> <span class='ocrx_word' id='word_1_215' title='bbox 715 1609 788 1644; x_wconf 90' lang='lat' dir='ltr'>pro</span> <span class='ocrx_word' id='word_1_216' title='bbox 833 1596 1032 1642; x_wconf 82' lang='lat' dir='ltr'>subiect03</span> <span class='ocrx_word' id='word_1_217' title='bbox 1077 1604 1115 1632; x_wconf 77' lang='lat' dir='ltr'>et</span> <span class='ocrx_word' id='word_1_218' title='bbox 1158 1604 1268 1644; x_wconf 89' lang='lat' dir='ltr'>patet</span> <span class='ocrx_word' id='word_1_219' title='bbox 1305 1597 1413 1644; x_wconf 86' lang='lat' dir='ltr'>quod</span> <span class='ocrx_word' id='word_1_220' title='bbox 1453 1596 1632 1644; x_wconf 87' lang='lat' dir='ltr'>exempla</span> <span class='ocrx_word' id='word_1_221' title='bbox 1669 1593 1814 1644; x_wconf 89' lang='lat' dir='ltr'>quibus</span> 
     </span>
     <span class='ocr_line' id='line_1_37' title="bbox 501 1652 1814 1702; baseline -0.001 -12"><span class='ocrx_word' id='word_1_222' title='bbox 501 1654 811 1691; x_wconf 83' lang='lat' dir='ltr'>manuducimus</span> <span class='ocrx_word' id='word_1_223' title='bbox 835 1654 1018 1691; x_wconf 86' lang='lat' dir='ltr'>homines</span> <span class='ocrx_word' id='word_1_224' title='bbox 1041 1655 1091 1691; x_wconf 88' lang='lat' dir='ltr'>ad</span> <span class='ocrx_word' id='word_1_225' title='bbox 1115 1655 1358 1691; x_wconf 85' lang='lat' dir='ltr'>credendum</span> <span class='ocrx_word' id='word_1_226' title='bbox 1384 1663 1592 1702; x_wconf 85' lang='lat' dir='ltr'>peccatum</span> <span class='ocrx_word' id='word_1_227' title='bbox 1618 1652 1814 1701; x_wconf 82' lang='lat' dir='ltr'>originale</span> 
     </span>
     <span class='ocr_line' id='line_1_38' title="bbox 499 1711 1868 1757; baseline -0.001 -9"><span class='ocrx_word' id='word_1_228' title='bbox 499 1721 590 1749; x_wconf 87' lang='lat' dir='ltr'>sunt</span> <span class='ocrx_word' id='word_1_229' title='bbox 634 1712 770 1749; x_wconf 86' lang='lat' dir='ltr'>multis</span> <span class='ocrx_word' id='word_1_230' title='bbox 815 1712 975 1749; x_wconf 87' lang='lat' dir='ltr'>occasio</span> <span class='ocrx_word' id='word_1_231' title='bbox 1019 1713 1070 1748; x_wconf 88' lang='lat' dir='ltr'>ad</span> <span class='ocrx_word' id='word_1_232' title='bbox 1117 1714 1352 1757; x_wconf 79' lang='lat' dir='ltr'>errandum3</span> <span class='ocrx_word' id='word_1_233' title='bbox 1406 1712 1552 1748; x_wconf 84' lang='lat' dir='ltr'>dicitur</span> <span class='ocrx_word' id='word_1_234' title='bbox 1605 1711 1710 1748; x_wconf 91' lang='lat' dir='ltr'>enim</span> <span class='ocrx_word' id='word_1_235' title='bbox 1764 1711 1812 1747; x_wconf 85' lang='lat' dir='ltr'>ad</span> <span class='ocrx_word' id='word_1_236' title='bbox 1830 1711 1868 1743; x_wconf 77' lang='lat'>25</span> 
     </span>
     <span class='ocr_line' id='line_1_39' title="bbox 499 1770 1814 1819; baseline -0.002 -13"><span class='ocrx_word' id='word_1_237' title='bbox 499 1783 661 1807; x_wconf 86' lang='lat' dir='ltr'>sensum</span> <span class='ocrx_word' id='word_1_238' title='bbox 698 1770 895 1807; x_wconf 86' lang='lat' dir='ltr'>misticum</span> <span class='ocrx_word' id='word_1_239' title='bbox 931 1770 1037 1819; x_wconf 87' lang='lat' dir='ltr'>quod</span> <span class='ocrx_word' id='word_1_240' title='bbox 1073 1782 1196 1818; x_wconf 89' lang='lat' dir='ltr'>genus</span> <span class='ocrx_word' id='word_1_241' title='bbox 1230 1772 1451 1807; x_wconf 84' lang='lat' dir='ltr'>humanum</span> <span class='ocrx_word' id='word_1_242' title='bbox 1484 1770 1523 1807; x_wconf 91' lang='lat' dir='ltr'>in</span> <span class='ocrx_word' id='word_1_243' title='bbox 1558 1782 1628 1807; x_wconf 85' lang='lat' dir='ltr'>sua</span> <span class='ocrx_word' id='word_1_244' title='bbox 1661 1780 1814 1805; x_wconf 88' lang='lat' dir='ltr'>succes-</span> 
     </span>
     <span class='ocr_line' id='line_1_40' title="bbox 500 1826 1812 1879; baseline -0.002 -14"><span class='ocrx_word' id='word_1_245' title='bbox 500 1828 612 1866; x_wconf 83' lang='lat' dir='ltr'>sione</span> <span class='ocrx_word' id='word_1_246' title='bbox 645 1838 702 1865; x_wconf 86' lang='lat' dir='ltr'>est</span> <span class='ocrx_word' id='word_1_247' title='bbox 735 1830 856 1865; x_wconf 83' lang='lat' dir='ltr'>arbor</span> <span class='ocrx_word' id='word_1_248' title='bbox 890 1838 1022 1865; x_wconf 84' lang='lat' dir='ltr'>erecta</span> <span class='ocrx_word' id='word_1_249' title='bbox 1055 1841 1076 1864; x_wconf 88' lang='lat' dir='ltr'>a</span> <span class='ocrx_word' id='word_1_250' title='bbox 1110 1828 1257 1879; x_wconf 79' lang='lat' dir='ltr'>radice,</span> <span class='ocrx_word' id='word_1_251' title='bbox 1292 1828 1422 1876; x_wconf 77' lang='lat' dir='ltr'>primo</span> <span class='ocrx_word' id='word_1_252' title='bbox 1456 1827 1618 1864; x_wconf 89' lang='lat' dir='ltr'>homine</span> <span class='ocrx_word' id='word_1_253' title='bbox 1647 1826 1812 1863; x_wconf 88' lang='lat' dir='ltr'>humani</span> 
     </span>
     <span class='ocr_line' id='line_1_41' title="bbox 500 1884 1817 1934; baseline -0.002 -11"><span class='ocrx_word' id='word_1_254' title='bbox 500 1886 654 1933; x_wconf 84' lang='lat' dir='ltr'>generis</span> <span class='ocrx_word' id='word_1_255' title='bbox 701 1899 825 1934; x_wconf 88' lang='lat' dir='ltr'>usque</span> <span class='ocrx_word' id='word_1_256' title='bbox 882 1889 929 1923; x_wconf 89' lang='lat' dir='ltr'>ad</span> <span class='ocrx_word' id='word_1_257' title='bbox 976 1886 1237 1923; x_wconf 81' lang='lat' dir='ltr'>novissimum</span> <span class='ocrx_word' id='word_1_258' title='bbox 1285 1887 1571 1933; x_wconf 84' lang='lat' dir='ltr'>generandum.</span> <span class='ocrx_word' id='word_1_259' title='bbox 1625 1887 1671 1921; x_wconf 82' lang='lat' dir='ltr'>Et</span> <span class='ocrx_word' id='word_1_260' title='bbox 1715 1884 1817 1921; x_wconf 89' lang='lat' dir='ltr'>sicut</span> 
     </span>
     <span class='ocr_line' id='line_1_42' title="bbox 502 1943 1815 1992; baseline -0.002 -12"><span class='ocrx_word' id='word_1_261' title='bbox 502 1944 635 1981; x_wconf 80' lang='lat' dir='ltr'>radice</span> <span class='ocrx_word' id='word_1_262' title='bbox 679 1944 833 1980; x_wconf 83' lang='lat' dir='ltr'>arboris</span> <span class='ocrx_word' id='word_1_263' title='bbox 877 1944 1024 1981; x_wconf 76' lang='lat' dir='ltr'>infecta</span> <span class='ocrx_word' id='word_1_264' title='bbox 1068 1944 1244 1981; x_wconf 83' lang='lat' dir='ltr'>inficitur</span> <span class='ocrx_word' id='word_1_265' title='bbox 1276 1944 1481 1981; x_wconf 85' lang='lat' dir='ltr'>residuum</span> <span class='ocrx_word' id='word_1_266' title='bbox 1516 1944 1624 1992; x_wconf 87' lang='lat' dir='ltr'>quod</span> <span class='ocrx_word' id='word_1_267' title='bbox 1661 1943 1815 1991; x_wconf 87' lang='lat' dir='ltr'>pululat</span> 
     </span>
     <span class='ocr_line' id='line_1_43' title="bbox 502 2002 1873 2050; baseline -0.003 -11"><span class='ocrx_word' id='word_1_268' title='bbox 502 2015 544 2039; x_wconf 87' lang='lat' dir='ltr'>ex</span> <span class='ocrx_word' id='word_1_269' title='bbox 578 2002 727 2048; x_wconf 81' lang='lat' dir='ltr'>radice,</span> <span class='ocrx_word' id='word_1_270' title='bbox 762 2004 1124 2050; x_wconf 76' lang='lat' dir='ltr'>correspondentes</span> <span class='ocrx_word' id='word_1_271' title='bbox 1157 2011 1213 2039; x_wconf 87' lang='lat' dir='ltr'>est</span> <span class='ocrx_word' id='word_1_272' title='bbox 1247 2003 1293 2038; x_wconf 83' lang='lat' dir='ltr'>de</span> <span class='ocrx_word' id='word_1_273' title='bbox 1327 2004 1505 2039; x_wconf 87' lang='lat' dir='ltr'>humano</span> <span class='ocrx_word' id='word_1_274' title='bbox 1536 2013 1692 2049; x_wconf 86' lang='lat' dir='ltr'>genere.</span> <span class='ocrx_word' id='word_1_275' title='bbox 1831 2003 1873 2035; x_wconf 75' lang='lat'>30</span> 
     </span>
     <span class='ocr_line' id='line_1_44' title="bbox 559 2059 1814 2109; baseline -0.002 -13"><span class='ocrx_word' id='word_1_276' title='bbox 559 2061 789 2097; x_wconf 84' lang='lat' dir='ltr'>Secundum</span> <span class='ocrx_word' id='word_1_277' title='bbox 838 2061 1063 2109; x_wconf 83' lang='lat' dir='ltr'>exemplum</span> <span class='ocrx_word' id='word_1_278' title='bbox 1099 2069 1155 2097; x_wconf 86' lang='lat' dir='ltr'>est</span> <span class='ocrx_word' id='word_1_279' title='bbox 1188 2062 1235 2097; x_wconf 86' lang='lat' dir='ltr'>de</span> <span class='ocrx_word' id='word_1_280' title='bbox 1270 2061 1377 2096; x_wconf 88' lang='lat' dir='ltr'>fonte</span> <span class='ocrx_word' id='word_1_281' title='bbox 1416 2060 1577 2107; x_wconf 82' lang='lat' dir='ltr'>infecto,</span> <span class='ocrx_word' id='word_1_282' title='bbox 1622 2072 1665 2096; x_wconf 84' lang='lat' dir='ltr'>ex</span> <span class='ocrx_word' id='word_1_283' title='bbox 1704 2059 1814 2095; x_wconf 87' lang='lat' dir='ltr'>cuius</span> 
     </span>
     <span class='ocr_line' id='line_1_45' title="bbox 500 2117 1814 2166; baseline -0.002 -12"><span class='ocrx_word' id='word_1_284' title='bbox 500 2130 652 2155; x_wconf 76' lang='lat' dir='ltr'>veneno</span> <span class='ocrx_word' id='word_1_285' title='bbox 685 2117 801 2154; x_wconf 89' lang='lat' dir='ltr'>rivuli</span> <span class='ocrx_word' id='word_1_286' title='bbox 833 2127 924 2155; x_wconf 90' lang='lat' dir='ltr'>sunt</span> <span class='ocrx_word' id='word_1_287' title='bbox 957 2118 1110 2163; x_wconf 85' lang='lat' dir='ltr'>infecti3</span> <span class='ocrx_word' id='word_1_288' title='bbox 1155 2118 1252 2155; x_wconf 89' lang='lat' dir='ltr'>talia</span> <span class='ocrx_word' id='word_1_289' title='bbox 1296 2119 1475 2166; x_wconf 86' lang='lat' dir='ltr'>exempla</span> <span class='ocrx_word' id='word_1_290' title='bbox 1513 2126 1678 2166; x_wconf 90' lang='lat' dir='ltr'>possunt</span> <span class='ocrx_word' id='word_1_291' title='bbox 1720 2128 1814 2153; x_wconf 88' lang='lat' dir='ltr'>sane</span> 
     </span>
     <span class='ocr_line' id='line_1_46' title="bbox 501 2174 1813 2225; baseline -0.002 -13"><span class='ocrx_word' id='word_1_292' title='bbox 501 2175 681 2224; x_wconf 86' lang='lat' dir='ltr'>intelligi.</span> <span class='ocrx_word' id='word_1_293' title='bbox 734 2178 783 2212; x_wconf 90' lang='lat' dir='ltr'>Et</span> <span class='ocrx_word' id='word_1_294' title='bbox 822 2175 1018 2224; x_wconf 86' lang='lat' dir='ltr'>contingit</span> <span class='ocrx_word' id='word_1_295' title='bbox 1056 2188 1198 2225; x_wconf 89' lang='lat' dir='ltr'>capere</span> <span class='ocrx_word' id='word_1_296' title='bbox 1229 2175 1482 2213; x_wconf 88' lang='lat' dir='ltr'>occasionem</span> <span class='ocrx_word' id='word_1_297' title='bbox 1523 2174 1697 2221; x_wconf 89' lang='lat' dir='ltr'>errandi,</span> <span class='ocrx_word' id='word_1_298' title='bbox 1732 2186 1813 2211; x_wconf 90' lang='lat' dir='ltr'>cre-</span> 
     </span>
     <span class='ocr_line' id='line_1_47' title="bbox 501 2232 1814 2282; baseline -0.001 -12"><span class='ocrx_word' id='word_1_299' title='bbox 501 2235 633 2271; x_wconf 87' lang='lat' dir='ltr'>dendo</span> <span class='ocrx_word' id='word_1_300' title='bbox 678 2235 786 2282; x_wconf 91' lang='lat' dir='ltr'>quod</span> <span class='ocrx_word' id='word_1_301' title='bbox 831 2243 1039 2282; x_wconf 88' lang='lat' dir='ltr'>peccatum</span> <span class='ocrx_word' id='word_1_302' title='bbox 1085 2233 1279 2282; x_wconf 89' lang='lat' dir='ltr'>originale</span> <span class='ocrx_word' id='word_1_303' title='bbox 1324 2234 1373 2270; x_wconf 88' lang='lat' dir='ltr'>sit</span> <span class='ocrx_word' id='word_1_304' title='bbox 1418 2246 1479 2271; x_wconf 93' lang='lat' dir='ltr'>res</span> <span class='ocrx_word' id='word_1_305' title='bbox 1524 2232 1693 2282; x_wconf 86' lang='lat' dir='ltr'>positiva</span> <span class='ocrx_word' id='word_1_306' title='bbox 1738 2244 1814 2281; x_wconf 88' lang='lat' dir='ltr'>que</span> 
     </span>
     <span class='ocr_line' id='line_1_48' title="bbox 501 2290 1870 2341; baseline -0.001 -13"><span class='ocrx_word' id='word_1_307' title='bbox 501 2291 748 2329; x_wconf 85' lang='lat' dir='ltr'>subiectatur</span> <span class='ocrx_word' id='word_1_308' title='bbox 770 2291 810 2328; x_wconf 89' lang='lat' dir='ltr'>in</span> <span class='ocrx_word' id='word_1_309' title='bbox 833 2292 984 2329; x_wconf 90' lang='lat' dir='ltr'>semine</span> <span class='ocrx_word' id='word_1_310' title='bbox 1007 2305 1078 2341; x_wconf 93' lang='lat' dir='ltr'>per</span> <span class='ocrx_word' id='word_1_311' title='bbox 1101 2291 1376 2340; x_wconf 89' lang='lat' dir='ltr'>generacionis</span> <span class='ocrx_word' id='word_1_312' title='bbox 1399 2292 1546 2329; x_wconf 89' lang='lat' dir='ltr'>lineam</span> <span class='ocrx_word' id='word_1_313' title='bbox 1581 2290 1813 2328; x_wconf 88' lang='lat' dir='ltr'>derivatam.</span> <span class='ocrx_word' id='word_1_314' title='bbox 1831 2293 1870 2326; x_wconf 63' lang='lat'>³5</span> 
     </span>
     <span class='ocr_line' id='line_1_49' title="bbox 560 2347 1815 2398; baseline -0.002 -12"><span class='ocrx_word' id='word_1_315' title='bbox 560 2349 748 2387; x_wconf 89' lang='lat' dir='ltr'>Tercium</span> <span class='ocrx_word' id='word_1_316' title='bbox 785 2351 1010 2398; x_wconf 87' lang='lat' dir='ltr'>exemplum</span> <span class='ocrx_word' id='word_1_317' title='bbox 1045 2359 1103 2387; x_wconf 87' lang='lat' dir='ltr'>est</span> <span class='ocrx_word' id='word_1_318' title='bbox 1136 2351 1184 2387; x_wconf 89' lang='lat' dir='ltr'>de</span> <span class='ocrx_word' id='word_1_319' title='bbox 1216 2349 1368 2398; x_wconf 86' lang='lat' dir='ltr'>legibus</span> <span class='ocrx_word' id='word_1_320' title='bbox 1399 2348 1584 2386; x_wconf 87' lang='lat' dir='ltr'>humanis</span> <span class='ocrx_word' id='word_1_321' title='bbox 1608 2348 1649 2385; x_wconf 92' lang='lat' dir='ltr'>in</span> <span class='ocrx_word' id='word_1_322' title='bbox 1672 2347 1815 2398; x_wconf 86' lang='lat' dir='ltr'>quibus</span> 
     </span>
     <span class='ocr_line' id='line_1_50' title="bbox 504 2407 1815 2456; baseline -0.002 -12"><span class='ocrx_word' id='word_1_323' title='bbox 504 2416 616 2456; x_wconf 90' lang='lat' dir='ltr'>pater</span> <span class='ocrx_word' id='word_1_324' title='bbox 660 2407 856 2444; x_wconf 86' lang='lat' dir='ltr'>forisfacit</span> <span class='ocrx_word' id='word_1_325' title='bbox 900 2408 940 2444; x_wconf 91' lang='lat' dir='ltr'>in</span> <span class='ocrx_word' id='word_1_326' title='bbox 980 2421 1112 2456; x_wconf 88' lang='lat' dir='ltr'>regem</span> <span class='ocrx_word' id='word_1_327' title='bbox 1147 2407 1310 2445; x_wconf 88' lang='lat' dir='ltr'>racione</span> <span class='ocrx_word' id='word_1_328' title='bbox 1343 2407 1454 2444; x_wconf 88' lang='lat' dir='ltr'>cuius</span> <span class='ocrx_word' id='word_1_329' title='bbox 1487 2416 1572 2445; x_wconf 88' lang='lat' dir='ltr'>tota</span> <span class='ocrx_word' id='word_1_330' title='bbox 1605 2419 1676 2443; x_wconf 87' lang='lat' dir='ltr'>sua</span> <span class='ocrx_word' id='word_1_331' title='bbox 1698 2418 1815 2454; x_wconf 87' lang='lat' dir='ltr'>gene-</span> 
     </span>
     <span class='ocr_line' id='line_1_51' title="bbox 504 2463 1817 2514; baseline -0.002 -12"><span class='ocrx_word' id='word_1_332' title='bbox 504 2465 612 2502; x_wconf 85' lang='lat' dir='ltr'>racio</span> <span class='ocrx_word' id='word_1_333' title='bbox 658 2474 716 2502; x_wconf 88' lang='lat' dir='ltr'>est</span> <span class='ocrx_word' id='word_1_334' title='bbox 760 2465 880 2514; x_wconf 87' lang='lat' dir='ltr'>digna</span> <span class='ocrx_word' id='word_1_335' title='bbox 920 2466 1197 2512; x_wconf 71' lang='lat' dir='ltr'>exheredstari,</span> <span class='ocrx_word' id='word_1_336' title='bbox 1231 2465 1351 2514; x_wconf 89' lang='lat' dir='ltr'>igitur</span> <span class='ocrx_word' id='word_1_337' title='bbox 1385 2466 1510 2502; x_wconf 92' lang='lat' dir='ltr'>multo</span> <span class='ocrx_word' id='word_1_338' title='bbox 1545 2464 1671 2513; x_wconf 89' lang='lat' dir='ltr'>magis</span> <span class='ocrx_word' id='word_1_339' title='bbox 1702 2463 1817 2500; x_wconf 89' lang='lat' dir='ltr'>foris-</span> 
     </span>
     <span class='ocr_line' id='line_1_52' title="bbox 503 2521 1938 2575; baseline -0.003 -15"><span class='ocrx_word' id='word_1_340' title='bbox 503 2523 652 2560; x_wconf 88' lang='lat' dir='ltr'>faciens</span> <span class='ocrx_word' id='word_1_341' title='bbox 691 2523 732 2559; x_wconf 89' lang='lat' dir='ltr'>in</span> <span class='ocrx_word' id='word_1_342' title='bbox 764 2536 897 2572; x_wconf 88' lang='lat' dir='ltr'>regem</span> <span class='ocrx_word' id='word_1_343' title='bbox 933 2536 1083 2572; x_wconf 86' lang='lat' dir='ltr'>regum.</span> <span class='ocrx_word' id='word_1_344' title='bbox 1135 2523 1246 2560; x_wconf 89' lang='lat' dir='ltr'>Sicut</span> <span class='ocrx_word' id='word_1_345' title='bbox 1284 2523 1388 2560; x_wconf 88' lang='lat' dir='ltr'>enim</span> <span class='ocrx_word' id='word_1_346' title='bbox 1419 2521 1423 2575; x_wconf 75' lang='grc' dir='ltr'>Ι</span> <span class='ocrx_word' id='word_1_347' title='bbox 1453 2522 1662 2572; x_wconf 87' lang='lat' dir='ltr'>generacio</span> <span class='ocrx_word' id='word_1_348' title='bbox 1695 2521 1816 2570; x_wconf 90' lang='lat' dir='ltr'>parti·</span> <span class='ocrx_word' id='word_1_349' title='bbox 1857 2522 1938 2556; x_wconf 56' lang='lat'>230*</span> 
     </span>
     <span class='ocr_line' id='line_1_53' title="bbox 505 2578 1874 2630; baseline -0.001 -13"><span class='ocrx_word' id='word_1_350' title='bbox 505 2581 612 2629; x_wconf 89' lang='lat' dir='ltr'>cipat</span> <span class='ocrx_word' id='word_1_351' title='bbox 656 2581 800 2618; x_wconf 87' lang='lat' dir='ltr'>merito</span> <span class='ocrx_word' id='word_1_352' title='bbox 833 2581 957 2630; x_wconf 85' lang='lat' dir='ltr'>patris</span> <span class='ocrx_word' id='word_1_353' title='bbox 990 2581 1049 2618; x_wconf 90' lang='lat' dir='ltr'>sui</span> <span class='ocrx_word' id='word_1_354' title='bbox 1082 2581 1138 2618; x_wconf 91' lang='lat' dir='ltr'>sic</span> <span class='ocrx_word' id='word_1_355' title='bbox 1177 2581 1420 2630; x_wconf 87' lang='lat' dir='ltr'>participare</span> <span class='ocrx_word' id='word_1_356' title='bbox 1453 2582 1568 2618; x_wconf 87' lang='lat' dir='ltr'>debet</span> <span class='ocrx_word' id='word_1_357' title='bbox 1606 2578 1814 2617; x_wconf 89' lang='lat' dir='ltr'>demerito.</span> <span class='ocrx_word' id='word_1_358' title='bbox 1830 2592 1874 2623; x_wconf 90' lang='lat'>40</span> 
     </span>
     <span class='ocr_line' id='line_1_54' title="bbox 505 2637 1817 2687; baseline -0.001 -13"><span class='ocrx_word' id='word_1_359' title='bbox 505 2640 581 2675; x_wconf 82' lang='lat' dir='ltr'>Sed</span> <span class='ocrx_word' id='word_1_360' title='bbox 615 2640 839 2687; x_wconf 82' lang='lat' dir='ltr'>exemplum</span> <span class='ocrx_word' id='word_1_361' title='bbox 882 2640 984 2676; x_wconf 83' lang='lat' dir='ltr'>illud</span> <span class='ocrx_word' id='word_1_362' title='bbox 1021 2639 1191 2676; x_wconf 86' lang='lat' dir='ltr'>trahitur</span> <span class='ocrx_word' id='word_1_363' title='bbox 1224 2653 1246 2676; x_wconf 85' lang='lat' dir='ltr'>a</span> <span class='ocrx_word' id='word_1_364' title='bbox 1278 2638 1511 2687; x_wconf 82' lang='lat' dir='ltr'>posteriori3</span> <span class='ocrx_word' id='word_1_365' title='bbox 1557 2647 1594 2675; x_wconf 90' lang='lat' dir='ltr'>et</span> <span class='ocrx_word' id='word_1_366' title='bbox 1636 2650 1729 2686; x_wconf 90' lang='lat' dir='ltr'>sepe</span> <span class='ocrx_word' id='word_1_367' title='bbox 1774 2637 1817 2673; x_wconf 85' lang='lat' dir='ltr'>fit</span> 
     </span>
     <span class='ocr_line' id='line_1_55' title="bbox 503 2695 1728 2745; baseline 0 -13"><span class='ocrx_word' id='word_1_368' title='bbox 503 2695 717 2740; x_wconf 84' lang='lat' dir='ltr'>iniusticia‚</span> <span class='ocrx_word' id='word_1_369' title='bbox 752 2698 953 2733; x_wconf 84' lang='lat' dir='ltr'>credendo</span> <span class='ocrx_word' id='word_1_370' title='bbox 987 2697 1164 2745; x_wconf 89' lang='lat' dir='ltr'>undique</span> <span class='ocrx_word' id='word_1_371' title='bbox 1197 2696 1500 2734; x_wconf 85' lang='lat' dir='ltr'>similitudinem</span> <span class='ocrx_word' id='word_1_372' title='bbox 1534 2695 1728 2733; x_wconf 85' lang='lat' dir='ltr'>sufficere.</span> 
     </span>
    </p>
   </div>
   <div class='ocr_carea' id='block_1_9' title="bbox 1853 1134 1891 1166">
    <p class='ocr_par' dir='ltr' id='par_1_11' title="bbox 1853 1134 1891 1166">
     <span class='ocr_line' id='line_1_56' title="bbox 1853 1143 1868 1164; textangle 90"><span class='ocrx_word' id='word_1_373' title='bbox 1853 1143 1868 1164; x_wconf 66' lang='grc'>13</span> 
     </span>
     <span class='ocr_line' id='line_1_57' title="bbox 1877 1134 1891 1166; textangle 90"><span class='ocrx_word' id='word_1_374' title='bbox 1877 1134 1891 1166; x_wconf 54' lang='grc' dir='ltr'>υ.)</span> 
     </span>
    </p>
   </div>
   <div class='ocr_carea' id='block_1_10' title="bbox 502 2805 1815 2869">
    <p class='ocr_par' dir='ltr' id='par_1_12' title="bbox 502 2805 1815 2869">
     <span class='ocr_line' id='line_1_58' title="bbox 540 2805 1815 2868; baseline 0.001 -35"><span class='ocrx_word' id='word_1_375' title='bbox 540 2842 548 2868; x_wconf 55' lang='lat' dir='ltr'><em>l</em></span> <span class='ocrx_word' id='word_1_376' title='bbox 565 2815 607 2846; x_wconf 56' lang='grc' dir='ltr'>μ.</span> <span class='ocrx_word' id='word_1_377' title='bbox 630 2807 756 2841; x_wconf 58' lang='grc' dir='ltr'>ἲηῑρτῐςίῐ</span> <span class='ocrx_word' id='word_1_378' title='bbox 768 2808 796 2834; x_wconf 76' lang='lat' dir='ltr'>ii]</span> <span class='ocrx_word' id='word_1_379' title='bbox 814 2808 879 2834; x_wconf 62' lang='lat' dir='ltr'>cmi</span> <span class='ocrx_word' id='word_1_380' title='bbox 957 2808 996 2841; x_wconf 65' lang='grc' dir='ltr'>ὠ,</span> <span class='ocrx_word' id='word_1_381' title='bbox 1014 2816 1052 2842; x_wconf 53' lang='grc' dir='ltr'>ιγ</span> <span class='ocrx_word' id='word_1_382' title='bbox 1070 2808 1165 2835; x_wconf 45' lang='lat' dir='ltr'>flod:</span> <span class='ocrx_word' id='word_1_383' title='bbox 1187 2816 1247 2835; x_wconf 76' lang='lat' dir='ltr'>non</span> <span class='ocrx_word' id='word_1_384' title='bbox 1262 2823 1294 2827; x_wconf 81' lang='lat'><strong>—</strong></span> <span class='ocrx_word' id='word_1_385' title='bbox 1309 2808 1474 2836; x_wconf 69' lang='lat' dir='ltr'>humanam</span> <span class='ocrx_word' id='word_1_386' title='bbox 1489 2807 1589 2835; x_wconf 75' lang='lat' dir='ltr'>twice.</span> <span class='ocrx_word' id='word_1_387' title='bbox 1661 2806 1702 2835; x_wconf 79' lang='lat'>35.</span> <span class='ocrx_word' id='word_1_388' title='bbox 1719 2805 1815 2836; x_wconf 79' lang='lat' dir='ltr'>Cod.:</span> 
     </span>
     <span class='ocr_line' id='line_1_59' title="bbox 502 2847 643 2869; baseline -0.007 0"><span class='ocrx_word' id='word_1_389' title='bbox 502 2850 534 2869; x_wconf 70' lang='lat' dir='ltr'>su</span> <span class='ocrx_word' id='word_1_390' title='bbox 549 2847 643 2869; x_wconf 63' lang='lat' dir='ltr'>neem.</span> 
     </span>
    </p>
   </div>
  </div>
 </body>
</html>
