2050 3292
90 508 165 540 165³

155 870 191 890 10

153 1148 188 1180 15

150 1445 190 1465 20

150 1724 188 1755 25

89 2010 165 2041 166⁹

147 2300 185 2332 ‘35

214 230 308 258 cm.
324 222 407 273 xx]
669 231 802 263 Limen
829 232 1039 263 TERTIUS.

211 352 289 387 quo
323 351 391 387 per
423 351 658 386 germanum
692 351 803 373 suum
839 337 1001 374 nomine
1026 338 1243 386 Copiosum
1269 339 1308 374 in
1344 339 1512 376 medica—

212 398 317 433 mine
350 397 563 433 absconsos
597 395 814 441 invenerat,
858 396 895 431 in
937 396 1040 432 fossa
1091 396 1329 444 sterquilinii
1375 398 1513 433 beatus

210 454 423 501 Gregorius
446 454 591 489 fecerat
614 453 772 500 sepeliri
796 453 1032 501 iactatisque
1057 454 1185 490 aureis
1219 467 1336 501 super
1370 467 1513 502 corpus

209 512 300 548 fecit
334 512 552 547 monachos
581 508 584 562 Ι
615 510 838 547 clamitare:
865 511 1027 546 Pecunia
1051 518 1115 546 tua
1139 519 1259 547 tecum
1284 513 1332 548 sit
1359 513 1393 547 in
1423 525 1515 561 per—

209 570 364 608 dicione.
410 570 466 605 Ex
500 569 636 616 regula
670 568 774 604 beati
808 569 987 615 Gregorii
1020 569 1209 605 fundatur
1242 569 1347 606 dicta
1381 571 1515 606 decre-

208 627 315 663 talis:
361 626 603 672 Monasterii,
641 626 783 673 inquit5
823 627 946 662 nostri
980 638 1132 675 semper
1171 628 1311 677 regula
1339 628 1435 676 suit,
1476 635 1514 662 ut

208 685 333 720 cuncti
354 686 512 733 fratres
543 684 594 719 ita
628 685 881 720 communiter
915 685 1096 729 viverent,
1135 691 1319 732 quatenus
1349 686 1515 735 Singulis

207 743 311 777 nulla
351 743 490 778 habere
524 742 689 790 propria
723 741 866 778 liceret.
907 744 954 777 Et
986 741 1090 777 idem
1125 741 1219 777 dicit
1247 743 1384 778 beatus
1406 745 1512 779 Jero-

207 800 336 835 nimus
376 802 423 836 de
462 800 660 835 monacho
694 799 882 846 Egypcio,
923 807 965 834 ut
1005 798 1195 835 recitatur
1234 799 1408 848 capitulo
1441 802 1511 836 VIO

207 857 322 893 huius
356 853 421 896 Vffi,
475 856 540 892 Isti
573 857 699 892 sancti
733 856 908 904 religiosi
941 856 1190 892 nesciverant
1222 857 1390 893 fundare
1423 871 1513 905 pro-

206 915 413 962 prietatem
450 914 601 950 civilem
636 914 822 950 fratribus
856 914 947 952 suis.

263 975 370 1015 Item,
416 985 538 1008 unum
584 972 697 1008 civile
743 972 964 1008 dominium
1012 984 1180 1019 persone
1226 972 1417 1020 simplicis
1456 972 1512 1008 in-

206 1030 360 1077 perficit
406 1029 709 1077 rempublicam,
770 1042 858 1065 cum
905 1042 947 1065 ex
991 1029 1232 1077 supradictis
1284 1032 1354 1065 IIIO
1396 1030 1511 1066 huius

207 1087 382 1135 capitulo
418 1087 578 1124 XXVHO
623 1087 848 1134 expedicius
884 1088 986 1123 foret
1021 1086 1227 1123 ecclesiam
1272 1095 1396 1123 totam
1434 1088 1512 1135 regi

206 1158 303 1193 pure
333 1146 550 1181 secundum
576 1145 867 1193 Evangelistam
894 1157 1013 1193 quam
1047 1146 1264 1180 secundum
1300 1146 1425 1192 legem
1463 1145 1514 1181 ci-

204 1202 319 1239 vilem
369 1203 644 1249 commixtamg
698 1203 826 1249 igitur7
879 1203 909 1238 si
954 1202 1072 1238 fuerit
1125 1202 1236 1238 civile
1289 1202 1511 1239 dominium

206 1261 375 1308 amplius
399 1262 630 1296 roboratum
657 1269 694 1297 et
717 1260 942 1308 specialiter
971 1260 1010 1295 in
1042 1260 1222 1307 personis
1256 1260 1514 1308 incapacibus

205 1319 293 1366 plus
342 1318 610 1366 inperficeret3
659 1318 952 1366 consequencia
998 1326 1107 1365 patet
1152 1330 1196 1354 eo
1237 1320 1342 1365 quod
1387 1318 1418 1353 si
1458 1317 1513 1353 in-

206 1376 422 1423 perfectum
464 1375 676 1422 inpeificit,
717 1384 811 1412 tunc
844 1377 931 1423 plus
966 1375 1224 1422 inperfectum
1262 1376 1349 1423 plus
1382 1376 1514 1422 inper-

208 1434 355 1470 ficeret.
385 1435 432 1469 Et
456 1434 550 1469 alias
573 1442 681 1481 patet
706 1446 751 1470 eo
776 1435 882 1481 quod
907 1433 1069 1469 ecclesia
1092 1435 1129 1468 in
1152 1441 1256 1469 statu
1281 1433 1513 1469 innocencie

207 1492 308 1527 sicut
353 1491 519 1527 ecclesia
564 1492 784 1538 apostolica
831 1491 904 1526 fuit
965 1490 1183 1538 perfeccior
1237 1504 1356 1538 quam
1403 1500 1513 1526 tanta

207 1549 372 1585 ecclesia
407 1548 581 1584 civilium
618 1549 887 1598 dominorum,
921 1561 1009 1584 cum
1044 1547 1157 1584 aliter
1190 1548 1327 1585 fuisset
1372 1548 1512 1585 melius

206 1608 314 1654 quod
361 1606 536 1642 conversi
583 1606 623 1642 in
668 1606 871 1653 primitiva
918 1606 1082 1642 ecclesia
1115 1606 1299 1642 vixissent
1333 1606 1512 1646 civiliter.

207 1677 324 1712 quam
361 1666 466 1712 quod
501 1664 678 1700 conversi
702 1664 866 1700 fuissent
889 1666 938 1700 ad
961 1663 1079 1699 vitam
1106 1664 1382 1712 apostolicam,
1408 1665 1511 1712 quod

207 1731 264 1758 est
297 1721 542 1770 inpossibile.

263 1782 316 1815 Ex
350 1792 427 1827 quo
460 1779 628 1825 videtur,
671 1793 759 1815 cum
794 1792 872 1815 non
910 1781 1026 1815 datur
1059 1780 1333 1816 sacerdotibus
1368 1780 1511 1817 Christi

205 1846 381 1884 potestas
414 1837 487 1873 nisi
521 1840 569 1874 ad
604 1837 908 1873 edificacionem
943 1837 1121 1883 ecclesie,
1157 1839 1262 1886 quod
1285 1851 1364 1874 non
1398 1840 1515 1873 datur

205 1894 258 1931 eis
284 1904 320 1931 et
343 1895 568 1943 specialiter
593 1895 787 1943 religiosis
819 1895 1099 1931 claustralibus
1134 1904 1308 1943 potestas
1342 1897 1389 1931 ad
1425 1895 1514 1931 civi-

205 1951 292 1988 liter
337 1952 646 1998 dominandum3
698 1953 777 1989 sive
829 1952 934 1989 enim
985 1953 1214 1989 dominetur
1263 1953 1428 1989 civiliter
1474 1953 1513 1988 in

205 2010 423 2057 communi,
454 2007 457 2060 Ι
487 2011 566 2047 sive
611 2010 776 2047 civiliter
808 2010 846 2047 in
881 2010 1045 2058 proprio
1078 2023 1162 2055 suo,
1197 2011 1424 2047 dominacio
1458 2020 1514 2047 est

205 2067 347 2117 civilis3
379 2082 470 2105 nam
506 2068 735 2105 dominacio
769 2067 890 2104 civilis
922 2068 962 2104 in
986 2068 1193 2104 communi
1223 2081 1302 2104 non
1329 2069 1513 2104 distrahit

204 2125 298 2173 quin
343 2126 391 2162 sit
436 2126 667 2163 dominacio
706 2126 842 2163 civilis.
889 2128 988 2162 Cum
1024 2126 1143 2174 igitur
1179 2126 1407 2162 dominacio
1441 2128 1512 2162 sub

204 2183 362 2219 racione
395 2197 473 2232 qua
510 2184 633 2220 civilis
673 2184 801 2232 sapiat
834 2183 1183 2231 inperfeccionem⁷
1218 2184 1373 2219 videtur
1406 2185 1511 2232 quod

202 2241 415 2277 fortificata
448 2242 487 2277 in
521 2242 709 2278 civilitate
742 2242 829 2289 plus
860 2250 1015 2289 saperet
1039 2241 1388 2289 inperfeccionem.
1423 2244 1511 2277 Non

204 2299 306 2335 enim
354 2308 545 2336 consonat
590 2300 666 2347 legi
700 2298 859 2348 Christi,
905 2301 1011 2347 quod
1045 2299 1275 2335 dominacio
1317 2298 1439 2335 civilis
1473 2299 1511 2334 in

194 2357 406 2407 >communi
446 2357 494 2393 sit
534 2357 753 2405 perfeccior
787 2370 906 2405 quam
947 2356 1175 2393 dominacio
1212 2356 1438 2405 evangelica
1472 2357 1511 2392 in

203 2415 423 2457 communi,
459 2415 614 2451 dicente
630 2415 822 2462 Gregorio
857 2414 896 2450 in
929 2416 998 2450 ΙΙΙΟ
1030 2415 1301 2462 Dyalogorum
1336 2415 1508 2462 capitulo

203 2472 309 2508 XIVs‘
344 2473 391 2508 de
437 2475 545 2508 Isaac
580 2473 777 2508 monacho
824 2485 941 2520 quem
977 2485 1018 2508 ex
1053 2473 1127 2508 hoc
1162 2474 1419 2508 commendat
1464 2474 1508 2508 de

202 2626 411 2689 Corffdxgodst
435 2629 647 2664 iactantis-que.
746 2627 786 2656 33.
809 2628 902 2655 Cod.:
925 2629 1035 2663 sopiat.
1115 2628 1159 2663 37,
1181 2627 1224 2656 38.
1247 2629 1341 2656 Cod.:
1364 2628 1436 2663 Cap.
1459 2628 1509 2655 IV·

268 2744 296 2764 o.
325 2735 397 2765 Act.
424 2734 508 2777 VIII,
545 2744 595 2765 20.
675 2734 704 2766 ὁ.
738 2736 785 2767 St.
819 2736 977 2777 Gregorii
1011 2735 1102 2776 Opp.
1136 2735 1172 2774 II⁷
1205 2734 1285 2775 465.
1364 2746 1394 2777 (3.
1420 2736 1509 2766 Vide

201 2789 302 2820 supra
329 2789 404 2820 pag.
432 2779 486 2821 87.
565 2781 612 2812 13.
640 2781 691 2812 De
718 2782 817 2813 Civili
834 2782 1000 2813 Dominio
1016 2781 1038 2819 Ι,
1072 2782 1143 2821 145.
1210 2789 1263 2821 37.
1278 2782 1324 2812 St.
1347 2782 1504 2822 Gregorii

202 2826 290 2866 Opp.
311 2830 394 2858 tom.
414 2825 451 2865 II,
480 2827 555 2866 304.

1717 237 1792 270 411

1594 462 1685 496 Siwry
1707 466 1734 488 Oi

1556 496 1596 522 St.
1620 497 1770 532 Gregory.

1548 1773 1727 1800 Posse-ssimi
1751 1782 1783 1799 as

1573 1808 1628 1834 bad
1651 1808 1679 1834 iu
1702 1808 1751 1834 the

1545 1843 1736 1877 comniunity
1758 1852 1790 1869 as

1614 1878 1643 1903 iu
1665 1878 1715 1904 thc

1576 1911 1754 1938 individual.
