2050 3292
239 211 327 239 cAv,
348 202 478 256 xxiv]
707 214 840 246 LIBER
867 214 1075 246 TERTIUS.

240 319 415 357 ficientes
448 332 470 356 a
501 318 665 356 caritate
697 320 757 356 vel
804 319 951 367 gracia.
1005 323 1052 356 Et
1095 319 1250 356 videtur
1294 320 1399 368 quod
1449 318 1549 356 sicut

238 376 478 417 offendimus
511 376 551 413 in
584 379 724 424 Deum,
758 377 798 413 in
833 377 1055 424 proximum
1089 385 1126 415 et
1158 390 1229 414 nos
1262 376 1383 426 ipsos,
1418 376 1472 413 sic
1505 388 1548 413 ex

239 434 385 483 triplici
437 434 552 483 signo
600 434 895 483 probabilitatis
942 434 1216 471 coniecturare
1260 446 1471 482 possumus
1516 433 1547 470 si

119 493 198 528 213b
239 505 376 529 sumus
408 492 449 528 in
481 491 617 541 gracia
646 488 649 545 Ι
679 501 716 529 et
749 505 818 540 per
852 505 1099 541 consequens
1124 492 1374 529 excludimur
1397 505 1418 528 a
1444 505 1546 528 mor—

207 550 328 587 §taliz
362 549 494 598 primo
527 552 659 598 quoad
695 552 835 590 Deum.
871 550 901 587 si
934 559 1087 587 tantum
1123 563 1301 587 amorem
1337 549 1548 586 habuimus

236 607 279 644 in
325 616 415 644 actu
459 607 520 644 vel
562 607 603 643 in
648 607 798 656 habitu,
842 609 949 656 quod
994 608 1124 656 posita
1169 607 1283 645 nobis
1327 607 1549 655 adopcione

241 665 513 713 cuiuscunque
559 665 653 701 boni
699 665 899 713 possibilis
931 679 1010 702 non
1055 665 1348 702 offenderemus
1381 665 1550 702 scienter

239 722 422 771 explicite
454 736 527 771 pro
550 722 637 771 ipso
660 725 788 760 Deum
822 723 861 759 in
895 723 1060 759 minime
1094 722 1434 760 contraveniendo
1467 722 1550 759 eius

240 780 408 817 consilio
440 781 499 817 vel
533 789 734 828 precepto.
790 781 830 817 Si
864 781 967 817 enim
1003 783 1128 818 Deum
1167 780 1222 817 sic
1255 781 1550 818 offenderemus

177 850 223 870 Ίο
239 851 311 887 pro
345 839 479 887 aquuo
513 839 618 875 bono
651 838 843 886 possibili,
885 848 978 876 tunc
1016 850 1330 887 preponeremus
1370 851 1548 875 amorem

239 904 418 933 creature
451 896 579 932 amori
614 896 697 933 Dei.
751 899 798 933 Et
832 896 922 933 hinc
956 896 1052 933 dicit
1084 896 1325 944 Augustinus
1363 897 1550 932 LXXXIII

240 953 494 1002 questionum
528 954 736 1002 questione
769 955 872 990 XXX
904 956 1012 1002 quod
1052 961 1172 990 totum
1206 955 1349 990 malum
1390 954 1552 990 hominis

240 1019 294 1048 est
318 1012 373 1048 uti
393 1012 581 1060 fruendis
605 1012 665 1048 vel
684 1013 779 1060 frui
799 1013 959 1048 utendis.
989 1013 1267 1060 Quodcunque
1291 1012 1396 1048 enim
1431 1012 1551 1048 homo

241 1082 396 1107 summe
430 1068 619 1106 dilexerat
652 1069 718 1105 illo
757 1069 910 1109 fruitur.
959 1072 1005 1106 Et
1046 1082 1089 1106 ex
1126 1069 1204 1106 isto
1236 1069 1390 1106 videtur
1430 1069 1549 1106 michi

188 1127 223 1159 15
241 1129 348 1175 quod
382 1139 428 1163 eo
461 1127 548 1175 ipso
572 1140 651 1175 quo
675 1127 762 1176 quis
787 1128 1002 1176 quicquam
1037 1127 1132 1164 facit
1154 1128 1214 1163 vel
1247 1126 1551 1175 quomodolibet

242 1193 500 1221 conversatur
543 1198 623 1221 non
669 1198 713 1222 ea
761 1185 986 1222 intencione
1032 1194 1138 1222 recta
1178 1195 1220 1222 ut
1259 1187 1343 1221 Deo
1381 1184 1552 1233 placeat,

241 1255 318 1291 que
336 1242 512 1279 intencio
535 1243 689 1279 videtur
710 1244 833 1280 Math.
854 1245 916 1290 VI,
943 1255 1014 1282 22:
1046 1244 1189 1280 Oculus
1210 1243 1389 1292 simplex,
1414 1251 1552 1291 peccat

243 1300 477 1347 mortaliter,
516 1302 585 1337 sed
617 1301 719 1337 sicut
752 1310 961 1348 peccatum
1002 1301 1147 1338 dicitur
1179 1300 1449 1337 voluntarium
1484 1299 1551 1336 tri-

243 1357 411 1407 pliciter,
456 1358 607 1395 scilicet
640 1360 935 1405 antecedenter,
982 1358 1301 1396 concomitanter
1340 1367 1376 1395 et
1417 1370 1553 1395 conse-

185 1427 227 1449 20
243 1424 422 1464 quenter,
467 1424 510 1452 ut
542 1425 651 1464 patet
685 1418 732 1452 de
764 1426 929 1464 peccato
963 1417 1161 1465 originali,
1196 1417 1243 1453 de
1280 1416 1553 1453 fornicacione

243 1482 280 1510 et
312 1474 359 1510 de
392 1482 557 1522 peccato
591 1474 788 1523 posterius
822 1477 1057 1523 approbato,
1102 1474 1157 1511 sic
1203 1474 1379 1511 intencio
1422 1482 1553 1522 potest

244 1531 322 1568 dici
355 1531 564 1579 tripliciter
596 1541 638 1568 ut
672 1534 755 1569 Deo
789 1532 919 1569 debite
953 1532 1160 1571 serviatur.
1214 1535 1261 1568 Et
1292 1531 1365 1568 iste
1398 1532 1553 1568 videtur

243 1602 380 1626 sensus
411 1589 591 1637 Apostoli
624 1591 652 1627 I.
677 1591 768 1626 Cor.
794 1592 837 1637 X,
872 1602 944 1640 31:
980 1591 1069 1627 Sive
1100 1590 1441 1635 manducaveritis,
1475 1590 1554 1626 sive

244 1647 426 1694 biberitis,
469 1648 549 1683 sive
592 1648 737 1697 aliquid
779 1648 886 1684 aliud
919 1648 1097 1697 faciatis,
1143 1648 1268 1685 omnia
1313 1648 1551 1698 ingloriam

188 1705 320 1741 25Dei
348 1705 488 1753 facite.
541 1707 595 1741 Ex
639 1705 780 1754 quibus
812 1706 968 1743 videtur
1013 1707 1119 1755 quod
1165 1706 1271 1743 solus
1316 1705 1381 1741 ille
1414 1713 1553 1753 peccat

244 1776 341 1810 pure
372 1762 579 1800 venialiter
611 1763 678 1811 qui
712 1777 801 1800 cum
836 1763 1064 1800 intencione
1097 1777 1175 1812 qua
1198 1772 1305 1800 recte
1327 1763 1446 1800 servit
1471 1765 1553 1799 Deo

244 1819 404 1857 deficiat
448 1833 470 1857 a
516 1820 656 1857 mediis
701 1821 988 1858 efficacissimis
1033 1824 1081 1858 ad
1127 1824 1232 1858 hunc
1265 1821 1398 1858 finem.
1451 1823 1550 1857 Nam

244 1878 350 1915 iuxta
373 1890 465 1926 sepe
484 1878 603 1925 dicta,
620 1881 942 1928 quandocunque
962 1881 1082 1916 homo
1101 1879 1234 1916 deficit
1252 1881 1301 1916 ab
1324 1878 1553 1916 intencione

125 1937 206 1969 2¹3⁰
245 1937 373 1973 cultus
407 1933 411 1988 Ι
446 1936 567 1973 divini
620 1949 738 1985 quem
793 1939 1152 1986 correspondentes
1204 1939 1254 1974 ad
1307 1946 1464 1985 tempus
1517 1945 1554 1989 et

188 1995 230 2027 30
245 1993 571 2031 circumstancias
595 1995 635 2030 in
659 2003 763 2032 statu
787 1995 1023 2032 innocencie
1046 1995 1309 2044 impenderet,
1345 2003 1483 2043 peccat
1507 1994 1555 2031 ad

246 2051 376 2091 minus
398 2051 619 2090 venialiter.
650 2054 834 2089 Secundo
858 2054 1066 2101 palpemus
1090 2063 1247 2091 nostras
1271 2051 1553 2095 consciencias,

244 2109 275 2145 si
308 2109 493 2146 inimicos
524 2119 678 2147 tantum
714 2110 915 2159 diligimus
948 2113 1068 2160 quod,
1109 2120 1465 2160 quantumcunque
1497 2109 1556 2145 in—

244 2166 409 2204 iurianti
452 2167 567 2204 nobis
611 2168 769 2215 fuerint,
816 2169 942 2217 parati
976 2181 1065 2206 vere
1098 2170 1222 2206 simus
1262 2169 1461 2205 dimittere
1501 2167 1555 2204 eis

245 2225 318 2261 rite
351 2225 584 2273 rogantibus
616 2225 771 2263 veniam
807 2228 853 2263 de
888 2227 1123 2273 commissis,
1160 2227 1314 2264 dicente
1335 2225 1556 2274 Augustino

188 2283 228 2317 35
246 2282 505 2320 Enchiridion
540 2284 710 2320 LXXIII:
741 2285 934 2334 Quisquis,
957 2284 1099 2336 inquit,
1133 2285 1293 2335 roganti
1318 2284 1471 2333 peccati
1499 2284 1560 2319 sui

247 2340 393 2377 veniam
438 2348 473 2377 et
509 2341 694 2390 penitenti
735 2355 808 2377 non
840 2354 891 2379 ex
934 2344 1052 2379 corde
1097 2343 1263 2387 dimittit,
1299 2343 1403 2378 nullo
1444 2343 1556 2377 modo

196 2419 198 2422 ·
246 2398 438 2435 existimet
466 2413 487 2434 a
512 2399 679 2435 Domino
711 2412 779 2435 sua
808 2408 968 2449 peccata
1003 2401 1163 2445 dimitti,·
1194 2400 1372 2449 quoniam
1406 2399 1561 2436 mentiri

254 2455 402 2492 Veritas
425 2469 497 2492 non
515 2463 641 2505 potest
649 2471 661 2501 ,·
682 2458 745 2505 qui
765 2470 848 2493 cum
874 2458 1064 2494 docuisset
1086 2458 1303 2495 oracionem
1329 2458 1557 2494 dominicam

247 2514 282 2549 in
315 2526 357 2550 ea
385 2514 552 2563 positam
575 2515 804 2551 sentenciam
829 2528 901 2564 qua
929 2516 1097 2564 petitur,·
1131 2516 1278 2552 dimitte
1306 2516 1412 2552 nobis
1435 2515 1558 2551 debita

316 2670 341 2698 3.
367 2671 461 2699 (Zod.:
488 2672 677 2700 contectura.
751 2680 789 2701 12.
814 2672 908 2700 Cod.:
958 2673 1127 2701 uestionum
1151 2673 1244 2701 deest.
1319 2672 1357 2702 13.
1379 2673 1475 2702 Cod.=
1495 2673 1560 2708 qui-

247 2713 412 2768 εἲιὲἔξῖιιεᾸά
423 2704 498 2768 figi&
519 2706 616 2734 Com:
642 2706 847 2735 Enehiridion
868 2707 954 2735 LVI.
1038 2706 1154 2742 36-37.
1177 2708 1272 2736 Cod.:
1293 2708 1377 2736 nullo
1398 2724 1430 2728 —
1450 2707 1564 2735 dimitti

248 2753 258 2768 ι
338 2760 344 2767 .
419 2754 429 2768 t
488 2762 494 2769 .

323 2822 372 2843 11.
400 2812 489 2855 Opp.
517 2818 600 2845 tom.
621 2813 677 2856 VI,
704 2823 785 2857 pag.
812 2813 843 2847 8.
941 2814 993 2847 35.
1021 2814 1113 2856 Opp.
1139 2820 1223 2848 tom.
1243 2815 1300 2854 VI,
1327 2824 1402 2856 pag.
1432 2824 1506 2857 2²4·

1754 214 1834 252 525

1564 326 1656 362 Sigus
1677 326 1716 362 by
1737 325 1836 353 which

1632 369 1679 388 we
1699 369 1769 397 may

1570 395 1745 434 conjecture
1765 395 1828 422 that

1564 439 1610 458 we
1624 438 1717 458 arem
1731 438 1835 466 grace:

1566 474 1585 493 i.
1606 465 1663 493 We
1683 469 1766 492 must
1786 468 1839 491 not

1626 500 1776 533 willingly

1585 534 1714 570 disobey
1737 534 1819 562 God.

1600 2058 1624 2078 2.
1647 2051 1706 2079 We
1727 2056 1810 2079 must

1635 2086 1703 2113 love
1723 2094 1781 2114 our

1600 2121 1736 2148 euemies
1754 2120 1814 2148 and

1622 2155 1741 2191 forgive
1761 2157 1797 2183 all

1572 2191 1705 2218 offences
1726 2191 1846 2225 against

1685 2233 1731 2253 us.
