2050 3292
185 238 267 285 460

188 809 235 837 To
256 814 374 836 correct
394 810 444 836 the

216 845 317 879 clergy
337 844 362 871 is
383 852 420 871 an

233 880 322 913 alms,
343 879 401 906 and

211 913 305 940 better
325 914 396 940 than
418 921 433 940 a

229 947 331 984 bodily
352 956 419 976 one.

208 1688 275 1715 The
296 1687 433 1721 spiritual

178 1723 282 1749 works
292 1723 326 1749 ot'
337 1730 450 1758 mercy.

178 2139 302 2166 Parallel
318 2139 452 2165 between

236 2174 338 2208 bodily
359 2175 417 2200 and

177 2209 317 2243 spiritual
340 2209 452 2236 works.

211 2498 325 2533 Giviug
345 2504 424 2526 meat

230 2533 289 2559 and
317 2533 407 2560 drink

207 2568 415 2602 corresponds

177 2607 208 2629 to
227 2602 368 2637 teaching
388 2602 446 2629 and

247 2637 383 2664 counsel.

896 247 955 278 DE
983 246 1119 278 CIVILI
1145 246 1353 278 DOMINIO.
1556 235 1661 290 [CAP.
1684 245 1775 272 XXII-

471 352 760 401 rempublicam
800 362 837 390 et
875 352 1091 389 iustificare
1130 352 1364 390 iniuriantes
1396 352 1638 402 pauperibus
1671 354 1778 401 regni

470 410 543 455 sui,
589 419 626 446 et
658 419 792 447 tamen
829 424 909 446 non
942 411 1073 447 differt
1105 412 1251 447 habere
1284 420 1521 458 potestatem
1560 424 1680 459 super
1711 424 1777 447 ne-

471 468 799 504 cessariissimum
840 470 1096 514 antecedens,
1136 468 1361 505 cuiusmodi
1399 470 1501 505 foret
1539 469 1777 505 rectificacio

469 525 692 562 facinorum
739 534 776 562 et
826 528 1020 562 abusuum
1067 526 1299 575 sacerdotis⁷
1364 526 1504 574 puniat
1548 526 1669 574 igitur
1712 539 1779 563 rex

467 584 566 619 tales
599 583 784 619 dimissos
816 596 838 619 a
870 583 1136 631 pontificibuS,
1171 586 1217 621 de
1241 593 1392 631 quanto
1417 586 1652 632 perturbant
1675 597 1778 620 rem·
1799 589 1809 593 ”

468 641 683 688 publicam,
729 641 830 677 sicut
869 654 974 689 papa
1013 641 1126 689 punit
1159 654 1226 677 eos
1259 642 1306 678 de
1339 651 1492 689 quanto
1526 643 1780 678 committunt

470 708 609 735 contra
642 701 768 735 Deum
814 698 1018 745 iniuriam,
1065 712 1138 737 nec
1170 698 1327 735 videtur
1371 701 1479 747 quod
1517 700 1627 735 aliter
1659 699 1779 736 stabit

470 768 650 804 regnum.

528 814 671 850 Tercio
708 823 882 851 moveret
915 827 1026 862 reges
1057 814 1117 850 lex
1151 814 1327 850 caritatis
1352 814 1681 852 communissima
1704 828 1779 863 que

471 882 528 910 est
574 872 898 920 indispensabilis
930 873 991 909 Iex
1024 880 1165 908 nature
1189 885 1266 919 qua
1293 881 1479 908 tenentur
1502 872 1634 920 egenis
1658 885 1779 920 opera

471 929 742 967 misericordie
794 930 1040 978 impendere,
1091 939 1134 965 ut
1186 938 1294 977 patet
1346 931 1469 968 Math.
1510 931 1623 966 XXV.
1679 931 1778 967 Cum

468 989 589 1037 igitur
627 988 704 1025 alia
741 988 821 1024 sint
859 1000 980 1036 opera
1014 987 1285 1023 misericordie
1324 988 1549 1036 corporalia
1582 1000 1658 1036 que
1690 997 1781 1024 sunt

592 1075 720 1122 Visito,
748 1083 854 1125 poto,
888 1076 982 1122 cibo,
1016 1076 1178 1123 redimo,
1207 1082 1310 1126 tego,
1341 1075 1498 1126 colligo,
1529 1076 1664 1123 condo,

468 1163 545 1199 alia
588 1171 719 1199 autem
766 1175 888 1211 opera
923 1162 1194 1199 misericordie
1234 1175 1309 1210 que
1347 1162 1449 1198 ultra
1489 1175 1648 1199 omnem
1690 1175 1779 1210 pro-

468 1220 702 1268 porcionem
746 1233 789 1257 ra
819 1216 823 1273 Ι
853 1220 1093 1257 cionabilem
1140 1228 1230 1256 sunt
1275 1220 1462 1268 operibus
1508 1220 1779 1256 misericordie

470 1278 746 1326 corporalibus
791 1277 960 1315 meliora
1003 1286 1040 1314 et
1085 1279 1133 1314 ab
1186 1277 1295 1314 omni
1348 1277 1509 1315 homine
1555 1278 1779 1314 districcius

472 1335 674 1383 requisita,
719 1344 828 1384 patet
872 1336 978 1384 quod
1013 1335 1166 1382 domini
1204 1336 1446 1383 temporales
1478 1344 1661 1372 tenentur
1694 1336 1779 1383 ipsa

469 1393 623 1430 clericis
667 1393 707 1429 in
751 1403 932 1441 tempore
976 1393 1222 1430 necessitatis
1260 1393 1493 1441 impendere
1531 1393 1637 1430 iuxta
1675 1393 1781 1430 dicta

537 1481 545 1488 .
571 1450 747 1499 capitulo
793 1450 910 1488 huius
939 1453 982 1489 V.
1037 1451 1266 1487 Elemosina
1304 1452 1407 1487 foret
1439 1453 1581 1488 docere
1615 1451 1780 1488 clericos

468 1522 538 1556 per
582 1509 832 1546 ablacionem
879 1509 1162 1556 temporalium
1209 1508 1419 1545 occasione
1465 1522 1635 1557 quorum
1684 1511 1778 1545 abu-

468 1579 603 1603 sorum
658 1575 826 1614 peccant
876 1566 1046 1614 gravius,
1100 1566 1218 1613 igitur
1269 1567 1466 1603 seculares
1519 1566 1670 1603 domini
1725 1567 1780 1603 sic

467 1633 665 1661 tenentur.

524 1684 624 1719 Sunt
648 1690 779 1718 autem
805 1691 956 1730 septem
991 1694 1112 1730 opera
1146 1681 1418 1719 misericordie
1452 1682 1672 1730 spiritualia
1706 1695 1780 1730 que

467 1740 743 1788 corporalibus
778 1741 1107 1787 correspondent,
1148 1739 1298 1776 scilicet
1337 1741 1479 1776 docere
1512 1740 1778 1788 ignorantem,

1823 1222 1899 1255 186b

468 1799 675 1835 consulere
708 1797 916 1842 dubitanti,
953 1797 1151 1834 consolari
1184 1797 1351 1843 tristem,
1388 1798 1588 1846 corrigere
1611 1810 1779 1846 peccan-
1823 1803 1834 1834 ἶ

466 1865 560 1900 tem,
607 1856 808 1892 remittere
854 1855 1086 1902 offendenti,
1134 1864 1294 1903 portare
1336 1855 1538 1903 pacienter
1578 1856 1780 1892 molestias

467 1913 692 1950 iniuriantis
725 1921 762 1949 et
794 1913 1032 1960 generaliter
1070 1926 1185 1949 orare
1224 1926 1296 1961 pro
1330 1913 1515 1950 omnibus
1554 1915 1623 1951 sed
1656 1912 1780 1962 speci-

467 1971 582 2008 aliter
615 1984 686 2019 pro
722 1971 890 2007 mortuis
923 1970 1029 2007 iuxta
1063 1972 1138 2007 hoc
1171 1971 1403 2007 metricum:

583 2059 696 2105 Doc.‚
725 2058 883 2105 consul„
913 2058 1065 2108 castig„
1094 2059 1237 2105 solare,
1268 2059 1432 2106 remitte,
1456 2059 1556 2107 fer„
1581 2071 1664 2095 ora.

528 2148 603 2181 Ista
636 2154 768 2181 autem
794 2157 916 2192 opera
951 2145 1224 2182 misericordie
1248 2154 1338 2181 sunt
1369 2145 1408 2181 in
1431 2154 1628 2193 potestate
1652 2145 1779 2181 cuius—
1797 2149 1811 2158 ’Ὗ

468 2203 563 2239 libet
606 2202 783 2247 viatoris,
829 2202 919 2239 ideo
972 2204 1018 2238 de
1065 2203 1150 2239 istis
1195 2203 1362 2251 requirit
1406 2205 1511 2240 Deus
1557 2203 1778 2239 districtum

468 2260 660 2297 iudicium
695 2269 732 2297 et
766 2260 990 2308 specialiter
1023 2261 1070 2297 de
1095 2261 1354 2308 correpcione
1386 2262 1572 2306 fraterna,
1607 2270 1649 2296 ut
1673 2269 1780 2308 patet

467 2319 588 2356 Math.
621 2320 739 2354 XVIII
786 2326 823 2354 et
867 2318 1076 2365 exponitur
1100 2347 1108 2356 .
1136 2347 1142 2354 .
1166 2345 1175 2354 .
1206 2318 1316 2355 Sicut
1360 2327 1444 2354 tota
1490 2318 1649 2355 miseria
1694 2331 1779 2354 cor-

467 2375 616 2424 poralis
648 2375 812 2412 viatoris
854 2375 957 2423 lapsi
1000 2375 1206 2413 reducitur
1249 2377 1298 2412 ad
1330 2376 1406 2412 tria
1438 2389 1596 2425 genera,
1630 2375 1780 2412 scilicet

468 2435 517 2470 ad
557 2434 754 2469 defectum
794 2433 833 2468 in
857 2433 1060 2479 alimento,
1101 2435 1149 2470 ad
1184 2434 1382 2470 defectum
1417 2434 1456 2469 in
1480 2442 1709 2481 tegumento
1743 2438 1829 2470 etY'

469 2492 665 2528 defectum
712 2490 752 2527 in
797 2491 1034 2527 accidentali
1080 2491 1259 2539 corporis
1306 2499 1562 2537 nocumento,
1612 2504 1779 2539 propor-

469 2549 678 2585 cionaliter
724 2557 781 2585 est
826 2548 865 2584 in
910 2549 1073 2585 homine
1117 2548 1297 2585 interiori
1342 2549 1434 2586 licet
1479 2549 1675 2585 subtilius.
1738 2550 1778 2584 In

469 2607 660 2643 alimento
684 2606 789 2642 enim
813 2615 904 2643 sunt
927 2606 1075 2643 esuries
1098 2615 1135 2643 et
1157 2606 1254 2649 sitis,
1289 2606 1434 2655 quibus
1463 2607 1778 2655 correspondent

469 2673 604 2712 pastus
637 2663 818 2700 doctrine
852 2664 1048 2702 catholice
1087 2673 1124 2701 et
1156 2664 1368 2702 consilium
1408 2673 1514 2702 recte
1545 2664 1627 2710 vie;
1669 2664 1778 2712 prior

538 2829 558 2848 1.
580 2820 676 2848 Cod.:
697 2816 732 2848 r‘c
744 2821 944 2857 pauperibus.
1018 2820 1059 2849 33.
1076 2821 1252 2856 exponitur.
1269 2822 1414 2857 Sequitur
1428 2822 1545 2849 lacuna.
1618 2820 1664 2848 38.
1680 2820 1775 2849 Cod.:

467 2855 758 2891 correspondenter.
