<?xml version="1.0" encoding="UTF-8"?>
<!DOCTYPE html PUBLIC "-//W3C//DTD XHTML 1.0 Transitional//EN"
    "http://www.w3.org/TR/xhtml1/DTD/xhtml1-transitional.dtd">
<html xmlns="http://www.w3.org/1999/xhtml" xml:lang="en" lang="en">
 <head>
  <title>
</title>
<meta http-equiv="Content-Type" content="text/html;charset=utf-8" />
  <meta name='ocr-system' content='tesseract 3.04.00' />
  <meta name='ocr-capabilities' content='ocr_page ocr_carea ocr_par ocr_line ocrx_word'/>
</head>
<body>
  <div class='ocr_page' id='page_1' title='image "./decivilidominio04wycl_0153.png"; bbox 0 0 2050 3292; ppageno 0'>
   <div class='ocr_carea' id='block_1_1' title="bbox 227 205 1064 258">
    <p class='ocr_par' dir='ltr' id='par_1_1' title="bbox 227 205 1064 258">
     <span class='ocr_line' id='line_1_1' title="bbox 227 205 1064 258; baseline 0.004 -16"><span class='ocrx_word' id='word_1_1' title='bbox 227 214 316 242; x_wconf 79' lang='lat' dir='ltr'><strong>CAP.</strong></span> <span class='ocrx_word' id='word_1_2' title='bbox 337 205 461 258; x_wconf 70' lang='lat' dir='ltr'>xxm]</span> <span class='ocrx_word' id='word_1_3' title='bbox 696 215 829 247; x_wconf 35' lang='lat' dir='ltr'>lllssER</span> <span class='ocrx_word' id='word_1_4' title='bbox 855 214 1064 246; x_wconf 83' lang='lat' dir='ltr'>TERTIUS.</span> 
     </span>
    </p>
   </div>
   <div class='ocr_carea' id='block_1_2' title="bbox 103 319 1538 2614">
    <p class='ocr_par' dir='ltr' id='par_1_2' title="bbox 103 319 1538 2614">
     <span class='ocr_line' id='line_1_2' title="bbox 226 319 1534 370; baseline -0.005 -11"><span class='ocrx_word' id='word_1_5' title='bbox 226 334 345 370; x_wconf 89' lang='lat' dir='ltr'>quam</span> <span class='ocrx_word' id='word_1_6' title='bbox 380 321 540 357; x_wconf 81' lang='lat' dir='ltr'>dissolvi</span> <span class='ocrx_word' id='word_1_7' title='bbox 570 328 604 357; x_wconf 88' lang='lat' dir='ltr'>et</span> <span class='ocrx_word' id='word_1_8' title='bbox 636 331 717 356; x_wconf 85' lang='lat' dir='ltr'>esse</span> <span class='ocrx_word' id='word_1_9' title='bbox 745 332 828 356; x_wconf 83' lang='lat' dir='ltr'>cum</span> <span class='ocrx_word' id='word_1_10' title='bbox 858 320 1027 365; x_wconf 79' lang='lat' dir='ltr'>Christo,</span> <span class='ocrx_word' id='word_1_11' title='bbox 1063 328 1104 354; x_wconf 91' lang='lat' dir='ltr'>ut</span> <span class='ocrx_word' id='word_1_12' title='bbox 1139 331 1210 366; x_wconf 89' lang='lat' dir='ltr'>ego</span> <span class='ocrx_word' id='word_1_13' title='bbox 1227 319 1361 363; x_wconf 83' lang='lat' dir='ltr'>credo,</span> <span class='ocrx_word' id='word_1_14' title='bbox 1395 326 1534 366; x_wconf 85' lang='lat' dir='ltr'>peccat</span> 
     </span>
     <span class='ocr_line' id='line_1_3' title="bbox 227 375 1537 424; baseline -0.004 -9"><span class='ocrx_word' id='word_1_15' title='bbox 227 379 461 415; x_wconf 81' lang='lat' dir='ltr'>mortaliter.</span> <span class='ocrx_word' id='word_1_16' title='bbox 495 380 542 413; x_wconf 80' lang='lat' dir='ltr'>Et</span> <span class='ocrx_word' id='word_1_17' title='bbox 575 378 646 414; x_wconf 89' lang='lat' dir='ltr'>hec</span> <span class='ocrx_word' id='word_1_18' title='bbox 679 386 736 414; x_wconf 90' lang='lat' dir='ltr'>est</span> <span class='ocrx_word' id='word_1_19' title='bbox 769 377 877 413; x_wconf 91' lang='lat' dir='ltr'>racio</span> <span class='ocrx_word' id='word_1_20' title='bbox 911 389 1033 424; x_wconf 90' lang='lat' dir='ltr'>quare</span> <span class='ocrx_word' id='word_1_21' title='bbox 1066 375 1241 424; x_wconf 86' lang='lat' dir='ltr'>religiosi</span> <span class='ocrx_word' id='word_1_22' title='bbox 1271 375 1310 411; x_wconf 92' lang='lat' dir='ltr'>in</span> <span class='ocrx_word' id='word_1_23' title='bbox 1334 375 1537 423; x_wconf 89' lang='lat' dir='ltr'>primitiva</span> 
     </span>
     <span class='ocr_line' id='line_1_4' title="bbox 113 433 1536 485; baseline -0.004 -11"><span class='ocrx_word' id='word_1_24' title='bbox 113 447 187 482; x_wconf 62' lang='grc' dir='ltr'>204Β</span> <span class='ocrx_word' id='word_1_25' title='bbox 226 435 393 473; x_wconf 90' lang='lat' dir='ltr'>ecclesia</span> <span class='ocrx_word' id='word_1_26' title='bbox 445 435 669 483; x_wconf 81' lang='lat' dir='ltr'>aspirantes</span> <span class='ocrx_word' id='word_1_27' title='bbox 698 433 702 485; x_wconf 71' lang='grc' dir='ltr'>Ι</span> <span class='ocrx_word' id='word_1_28' title='bbox 732 436 781 471; x_wconf 91' lang='lat' dir='ltr'>ad</span> <span class='ocrx_word' id='word_1_29' title='bbox 815 433 1017 470; x_wconf 85' lang='lat' dir='ltr'><strong>Christum</strong></span> <span class='ocrx_word' id='word_1_30' title='bbox 1063 433 1267 470; x_wconf 84' lang='lat' dir='ltr'>sedentem</span> <span class='ocrx_word' id='word_1_31' title='bbox 1307 433 1347 469; x_wconf 91' lang='lat' dir='ltr'>in</span> <span class='ocrx_word' id='word_1_32' title='bbox 1400 434 1536 469; x_wconf 88' lang='lat' dir='ltr'>dextra</span> 
     </span>
     <span class='ocr_line' id='line_1_5' title="bbox 226 490 1535 541; baseline -0.003 -11"><span class='ocrx_word' id='word_1_33' title='bbox 226 494 298 530; x_wconf 92' lang='lat' dir='ltr'>Dei</span> <span class='ocrx_word' id='word_1_34' title='bbox 354 493 479 541; x_wconf 90' lang='lat' dir='ltr'>patris</span> <span class='ocrx_word' id='word_1_35' title='bbox 532 492 814 540; x_wconf 90' lang='lat' dir='ltr'>disposuerunt</span> <span class='ocrx_word' id='word_1_36' title='bbox 869 503 1062 539; x_wconf 87' lang='lat' dir='ltr'>prospera</span> <span class='ocrx_word' id='word_1_37' title='bbox 1114 490 1253 527; x_wconf 90' lang='lat' dir='ltr'>mundi</span> <span class='ocrx_word' id='word_1_38' title='bbox 1318 490 1535 538; x_wconf 81' lang='lat' dir='ltr'>despicere,</span> 
     </span>
     <span class='ocr_line' id='line_1_6' title="bbox 192 547 1538 598; baseline -0.004 -10"><span class='ocrx_word' id='word_1_39' title='bbox 192 550 479 590; x_wconf 68' lang='lat' dir='ltr'>§securitatem</span> <span class='ocrx_word' id='word_1_40' title='bbox 526 558 812 598; x_wconf 86' lang='lat' dir='ltr'>contempnere</span> <span class='ocrx_word' id='word_1_41' title='bbox 858 558 894 585; x_wconf 91' lang='lat' dir='ltr'>et</span> <span class='ocrx_word' id='word_1_42' title='bbox 941 549 980 584; x_wconf 89' lang='lat' dir='ltr'>in</span> <span class='ocrx_word' id='word_1_43' title='bbox 1013 549 1154 585; x_wconf 87' lang='lat' dir='ltr'>futuris</span> <span class='ocrx_word' id='word_1_44' title='bbox 1187 547 1300 584; x_wconf 87' lang='lat' dir='ltr'>bonis</span> <span class='ocrx_word' id='word_1_45' title='bbox 1333 560 1443 596; x_wconf 90' lang='lat' dir='ltr'>spem</span> <span class='ocrx_word' id='word_1_46' title='bbox 1478 548 1538 583; x_wconf 89' lang='lat' dir='ltr'>in—</span> 
     </span>
     <span class='ocr_line' id='line_1_7' title="bbox 226 605 1537 655; baseline -0.002 -11"><span class='ocrx_word' id='word_1_47' title='bbox 226 608 357 655; x_wconf 82' lang='lat' dir='ltr'>figere.</span> <span class='ocrx_word' id='word_1_48' title='bbox 411 609 502 644; x_wconf 90' lang='lat' dir='ltr'>Ideo</span> <span class='ocrx_word' id='word_1_49' title='bbox 542 607 637 643; x_wconf 92' lang='lat' dir='ltr'>dicit</span> <span class='ocrx_word' id='word_1_50' title='bbox 677 606 891 654; x_wconf 83' lang='lat' dir='ltr'>Gregorius</span> <span class='ocrx_word' id='word_1_51' title='bbox 924 607 1044 642; x_wconf 89' lang='lat' dir='ltr'>XXIV</span> <span class='ocrx_word' id='word_1_52' title='bbox 1082 605 1294 642; x_wconf 83' lang='lat' dir='ltr'>Moralium</span> <span class='ocrx_word' id='word_1_53' title='bbox 1334 607 1441 653; x_wconf 88' lang='lat' dir='ltr'>quod</span> <span class='ocrx_word' id='word_1_54' title='bbox 1480 617 1537 641; x_wconf 86' lang='lat' dir='ltr'>se-</span> 
     </span>
     <span class='ocr_line' id='line_1_8' title="bbox 224 662 1537 714; baseline -0.003 -12"><span class='ocrx_word' id='word_1_55' title='bbox 224 666 369 702; x_wconf 86' lang='lat' dir='ltr'>curitas</span> <span class='ocrx_word' id='word_1_56' title='bbox 401 665 534 701; x_wconf 83' lang='lat' dir='ltr'>mundi</span> <span class='ocrx_word' id='word_1_57' title='bbox 564 672 620 700; x_wconf 85' lang='lat' dir='ltr'>est</span> <span class='ocrx_word' id='word_1_58' title='bbox 651 672 776 700; x_wconf 83' lang='lat' dir='ltr'>mater</span> <span class='ocrx_word' id='word_1_59' title='bbox 808 664 1071 714; x_wconf 78' lang='lat' dir='ltr'>negligencie,·</span> <span class='ocrx_word' id='word_1_60' title='bbox 1117 675 1189 699; x_wconf 90' lang='lat' dir='ltr'>nec</span> <span class='ocrx_word' id='word_1_61' title='bbox 1221 671 1420 711; x_wconf 80' lang='lat' dir='ltr'>repugnat</span> <span class='ocrx_word' id='word_1_62' title='bbox 1453 662 1537 698; x_wconf 91' lang='lat' dir='ltr'>istis</span> 
     </span>
     <span class='ocr_line' id='line_1_9' title="bbox 224 720 1537 770; baseline -0.002 -12"><span class='ocrx_word' id='word_1_63' title='bbox 224 724 292 760; x_wconf 86' lang='lat' dir='ltr'>sed</span> <span class='ocrx_word' id='word_1_64' title='bbox 317 730 511 759; x_wconf 87' lang='lat' dir='ltr'>consonat</span> <span class='ocrx_word' id='word_1_65' title='bbox 534 723 641 770; x_wconf 89' lang='lat' dir='ltr'>quod</span> <span class='ocrx_word' id='word_1_66' title='bbox 678 721 922 758; x_wconf 87' lang='lat' dir='ltr'>monasteria</span> <span class='ocrx_word' id='word_1_67' title='bbox 947 721 1223 757; x_wconf 80' lang='lat' dir='ltr'>claustralium</span> <span class='ocrx_word' id='word_1_68' title='bbox 1247 720 1325 756; x_wconf 90' lang='lat' dir='ltr'>sint</span> <span class='ocrx_word' id='word_1_69' title='bbox 1348 721 1537 766; x_wconf 88' lang='lat' dir='ltr'>fundata;</span> 
     </span>
     <span class='ocr_line' id='line_1_10' title="bbox 225 778 1536 827; baseline -0.003 -10"><span class='ocrx_word' id='word_1_70' title='bbox 225 781 318 817; x_wconf 90' lang='lat' dir='ltr'>dum</span> <span class='ocrx_word' id='word_1_71' title='bbox 372 789 507 817; x_wconf 88' lang='lat' dir='ltr'>tamen</span> <span class='ocrx_word' id='word_1_72' title='bbox 560 792 728 827; x_wconf 87' lang='lat' dir='ltr'>persone</span> <span class='ocrx_word' id='word_1_73' title='bbox 781 779 965 826; x_wconf 79' lang='lat' dir='ltr'>religiose</span> <span class='ocrx_word' id='word_1_74' title='bbox 1025 778 1308 824; x_wconf 83' lang='lat' dir='ltr'>inhabitantes,</span> <span class='ocrx_word' id='word_1_75' title='bbox 1361 778 1536 814; x_wconf 90' lang='lat' dir='ltr'>odiendo</span> 
     </span>
     <span class='ocr_line' id='line_1_11' title="bbox 171 836 1535 884; baseline -0.004 -8"><span class='ocrx_word' id='word_1_76' title='bbox 171 855 209 876; x_wconf 88' lang='lat'>10</span> <span class='ocrx_word' id='word_1_77' title='bbox 226 839 419 874; x_wconf 90' lang='lat' dir='ltr'>mundum</span> <span class='ocrx_word' id='word_1_78' title='bbox 455 837 704 874; x_wconf 85' lang='lat' dir='ltr'>sanctificent</span> <span class='ocrx_word' id='word_1_79' title='bbox 726 838 825 882; x_wconf 90' lang='lat' dir='ltr'>loca,</span> <span class='ocrx_word' id='word_1_80' title='bbox 851 837 938 884; x_wconf 89' lang='lat' dir='ltr'>plus</span> <span class='ocrx_word' id='word_1_81' title='bbox 962 836 1234 884; x_wconf 88' lang='lat' dir='ltr'>appreciando</span> <span class='ocrx_word' id='word_1_82' title='bbox 1259 844 1535 883; x_wconf 87' lang='lat' dir='ltr'>contemptum</span> 
     </span>
     <span class='ocr_line' id='line_1_12' title="bbox 226 893 1536 943; baseline -0.003 -11"><span class='ocrx_word' id='word_1_83' title='bbox 226 895 363 932; x_wconf 89' lang='lat' dir='ltr'>mundi</span> <span class='ocrx_word' id='word_1_84' title='bbox 409 904 446 931; x_wconf 87' lang='lat' dir='ltr'>et</span> <span class='ocrx_word' id='word_1_85' title='bbox 490 907 774 943; x_wconf 89' lang='lat' dir='ltr'>quamcunque</span> <span class='ocrx_word' id='word_1_86' title='bbox 806 894 992 930; x_wconf 87' lang='lat' dir='ltr'>virtutem</span> <span class='ocrx_word' id='word_1_87' title='bbox 1028 906 1148 942; x_wconf 87' lang='lat' dir='ltr'>quam</span> <span class='ocrx_word' id='word_1_88' title='bbox 1184 893 1381 941; x_wconf 86' lang='lat' dir='ltr'>quotlibet</span> <span class='ocrx_word' id='word_1_89' title='bbox 1414 905 1536 941; x_wconf 90' lang='lat' dir='ltr'>opera</span> 
     </span>
     <span class='ocr_line' id='line_1_13' title="bbox 224 951 1536 1000; baseline -0.002 -11"><span class='ocrx_word' id='word_1_90' title='bbox 224 952 371 990; x_wconf 83' lang='lat' dir='ltr'>edificii</span> <span class='ocrx_word' id='word_1_91' title='bbox 405 952 564 989; x_wconf 86' lang='lat' dir='ltr'>curiosa</span> <span class='ocrx_word' id='word_1_92' title='bbox 597 953 657 989; x_wconf 91' lang='lat' dir='ltr'>vel</span> <span class='ocrx_word' id='word_1_93' title='bbox 691 952 888 1000; x_wconf 86' lang='lat' dir='ltr'>quotlibet</span> <span class='ocrx_word' id='word_1_94' title='bbox 927 951 1168 999; x_wconf 87' lang='lat' dir='ltr'>temporalia</span> <span class='ocrx_word' id='word_1_95' title='bbox 1201 951 1453 995; x_wconf 88' lang='lat' dir='ltr'>adiacencia;</span> <span class='ocrx_word' id='word_1_96' title='bbox 1500 959 1536 986; x_wconf 89' lang='lat' dir='ltr'>et</span> 
     </span>
     <span class='ocr_line' id='line_1_14' title="bbox 224 1007 1535 1058; baseline -0.002 -11"><span class='ocrx_word' id='word_1_97' title='bbox 224 1010 255 1047; x_wconf 86' lang='lat' dir='ltr'>si</span> <span class='ocrx_word' id='word_1_98' title='bbox 288 1011 489 1058; x_wconf 88' lang='lat' dir='ltr'>pascendo</span> <span class='ocrx_word' id='word_1_99' title='bbox 522 1023 659 1046; x_wconf 88' lang='lat' dir='ltr'>sensus</span> <span class='ocrx_word' id='word_1_100' title='bbox 693 1011 741 1046; x_wconf 91' lang='lat' dir='ltr'>ab</span> <span class='ocrx_word' id='word_1_101' title='bbox 774 1009 858 1046; x_wconf 86' lang='lat' dir='ltr'>istis</span> <span class='ocrx_word' id='word_1_102' title='bbox 891 1008 1146 1045; x_wconf 85' lang='lat' dir='ltr'>distraxerint</span> <span class='ocrx_word' id='word_1_103' title='bbox 1176 1008 1417 1056; x_wconf 89' lang='lat' dir='ltr'>temporalia</span> <span class='ocrx_word' id='word_1_104' title='bbox 1441 1007 1535 1044; x_wconf 88' lang='lat' dir='ltr'>talia</span> 
     </span>
     <span class='ocr_line' id='line_1_15' title="bbox 223 1065 1536 1114; baseline -0.002 -10"><span class='ocrx_word' id='word_1_105' title='bbox 223 1068 388 1104; x_wconf 92' lang='lat' dir='ltr'>omnino</span> <span class='ocrx_word' id='word_1_106' title='bbox 422 1067 680 1113; x_wconf 86' lang='lat' dir='ltr'>dimitterent,</span> <span class='ocrx_word' id='word_1_107' title='bbox 714 1078 757 1104; x_wconf 91' lang='lat' dir='ltr'>ut</span> <span class='ocrx_word' id='word_1_108' title='bbox 789 1066 951 1103; x_wconf 87' lang='lat' dir='ltr'>recitavi</span> <span class='ocrx_word' id='word_1_109' title='bbox 974 1069 1021 1103; x_wconf 90' lang='lat' dir='ltr'>VI</span> <span class='ocrx_word' id='word_1_110' title='bbox 1046 1066 1222 1114; x_wconf 88' lang='lat' dir='ltr'>capitulo</span> <span class='ocrx_word' id='word_1_111' title='bbox 1255 1066 1387 1114; x_wconf 90' lang='lat' dir='ltr'>quarti</span> <span class='ocrx_word' id='word_1_112' title='bbox 1421 1065 1536 1101; x_wconf 91' lang='lat' dir='ltr'>huius</span> 
     </span>
     <span class='ocr_line' id='line_1_16' title="bbox 171 1123 1535 1173; baseline -0.002 -11"><span class='ocrx_word' id='word_1_113' title='bbox 171 1127 271 1163; x_wconf 82' lang='lat' dir='ltr'>15·de</span> <span class='ocrx_word' id='word_1_114' title='bbox 295 1126 522 1162; x_wconf 90' lang='lat' dir='ltr'>Lanfranco</span> <span class='ocrx_word' id='word_1_115' title='bbox 546 1135 581 1162; x_wconf 90' lang='lat' dir='ltr'>et</span> <span class='ocrx_word' id='word_1_116' title='bbox 605 1127 810 1171; x_wconf 75' lang='lat' dir='ltr'>Wlsta1103</span> <span class='ocrx_word' id='word_1_117' title='bbox 834 1133 1050 1173; x_wconf 89' lang='lat' dir='ltr'>paupertas</span> <span class='ocrx_word' id='word_1_118' title='bbox 1073 1124 1195 1172; x_wconf 90' lang='lat' dir='ltr'>igitur</span> <span class='ocrx_word' id='word_1_119' title='bbox 1218 1124 1257 1160; x_wconf 94' lang='lat' dir='ltr'>in</span> <span class='ocrx_word' id='word_1_120' title='bbox 1283 1123 1535 1160; x_wconf 87' lang='lat' dir='ltr'>monasteriis</span> 
     </span>
     <span class='ocr_line' id='line_1_17' title="bbox 224 1182 1536 1231; baseline -0.002 -11"><span class='ocrx_word' id='word_1_121' title='bbox 224 1192 280 1220; x_wconf 91' lang='lat' dir='ltr'>est</span> <span class='ocrx_word' id='word_1_122' title='bbox 313 1182 542 1231; x_wconf 86' lang='lat' dir='ltr'>diligencius</span> <span class='ocrx_word' id='word_1_123' title='bbox 575 1183 830 1220; x_wconf 89' lang='lat' dir='ltr'>attendenda.</span> <span class='ocrx_word' id='word_1_124' title='bbox 865 1184 956 1219; x_wconf 90' lang='lat' dir='ltr'>Ideo</span> <span class='ocrx_word' id='word_1_125' title='bbox 981 1182 1210 1218; x_wconf 89' lang='lat' dir='ltr'>fundatores</span> <span class='ocrx_word' id='word_1_126' title='bbox 1234 1183 1379 1217; x_wconf 90' lang='lat' dir='ltr'>debent</span> <span class='ocrx_word' id='word_1_127' title='bbox 1408 1189 1536 1217; x_wconf 89' lang='lat' dir='ltr'>atten-</span> 
     </span>
     <span class='ocr_line' id='line_1_18' title="bbox 223 1238 1534 1287; baseline -0.002 -10"><span class='ocrx_word' id='word_1_128' title='bbox 223 1242 315 1277; x_wconf 87' lang='lat' dir='ltr'>dere</span> <span class='ocrx_word' id='word_1_129' title='bbox 348 1242 395 1277; x_wconf 90' lang='lat' dir='ltr'>ad</span> <span class='ocrx_word' id='word_1_130' title='bbox 430 1241 708 1277; x_wconf 88' lang='lat' dir='ltr'>rectitudinem</span> <span class='ocrx_word' id='word_1_131' title='bbox 735 1240 993 1286; x_wconf 78' lang='lat' dir='ltr'>intencioni53</span> <span class='ocrx_word' id='word_1_132' title='bbox 1027 1249 1195 1287; x_wconf 87' lang='lat' dir='ltr'>possunt</span> <span class='ocrx_word' id='word_1_133' title='bbox 1219 1239 1326 1275; x_wconf 91' lang='lat' dir='ltr'>enim</span> <span class='ocrx_word' id='word_1_134' title='bbox 1351 1238 1534 1275; x_wconf 90' lang='lat' dir='ltr'>homines</span> 
     </span>
     <span class='ocr_line' id='line_1_19' title="bbox 223 1296 1536 1345; baseline -0.002 -10"><span class='ocrx_word' id='word_1_135' title='bbox 223 1299 390 1335; x_wconf 88' lang='lat' dir='ltr'>fundare</span> <span class='ocrx_word' id='word_1_136' title='bbox 436 1298 677 1335; x_wconf 89' lang='lat' dir='ltr'>monasteria</span> <span class='ocrx_word' id='word_1_137' title='bbox 724 1298 993 1344; x_wconf 86' lang='lat' dir='ltr'>mediocriter,</span> <span class='ocrx_word' id='word_1_138' title='bbox 1041 1296 1448 1345; x_wconf 87' lang='lat' dir='ltr'>proporcionabiliter</span> <span class='ocrx_word' id='word_1_139' title='bbox 1499 1305 1536 1332; x_wconf 92' lang='lat' dir='ltr'>et</span> 
     </span>
     <span class='ocr_line' id='line_1_20' title="bbox 222 1353 1535 1404; baseline -0.002 -12"><span class='ocrx_word' id='word_1_140' title='bbox 222 1356 444 1404; x_wconf 79' lang='lat' dir='ltr'>sapienter3</span> <span class='ocrx_word' id='word_1_141' title='bbox 477 1357 738 1402; x_wconf 83' lang='lat' dir='ltr'>mediocriter,</span> <span class='ocrx_word' id='word_1_142' title='bbox 770 1365 814 1391; x_wconf 91' lang='lat' dir='ltr'>ut</span> <span class='ocrx_word' id='word_1_143' title='bbox 837 1355 1077 1403; x_wconf 88' lang='lat' dir='ltr'>temporalia</span> <span class='ocrx_word' id='word_1_144' title='bbox 1100 1354 1332 1391; x_wconf 89' lang='lat' dir='ltr'>adiacencia</span> <span class='ocrx_word' id='word_1_145' title='bbox 1354 1367 1435 1390; x_wconf 90' lang='lat' dir='ltr'>non</span> <span class='ocrx_word' id='word_1_146' title='bbox 1457 1353 1535 1390; x_wconf 83' lang='lat' dir='ltr'>sint</span> 
     </span>
     <span class='ocr_line' id='line_1_21' title="bbox 167 1412 1536 1463; baseline -0.001 -14"><span class='ocrx_word' id='word_1_147' title='bbox 167 1428 208 1450; x_wconf 90' lang='lat'>20</span> <span class='ocrx_word' id='word_1_148' title='bbox 222 1413 391 1450; x_wconf 90' lang='lat' dir='ltr'>nimium</span> <span class='ocrx_word' id='word_1_149' title='bbox 407 1422 655 1462; x_wconf 84' lang='lat' dir='ltr'>sumptuosa,</span> <span class='ocrx_word' id='word_1_150' title='bbox 683 1413 1091 1463; x_wconf 83' lang='lat' dir='ltr'>proporcionabiliter,</span> <span class='ocrx_word' id='word_1_151' title='bbox 1125 1421 1168 1449; x_wconf 92' lang='lat' dir='ltr'>ut</span> <span class='ocrx_word' id='word_1_152' title='bbox 1190 1426 1272 1449; x_wconf 92' lang='lat' dir='ltr'>non</span> <span class='ocrx_word' id='word_1_153' title='bbox 1296 1412 1536 1448; x_wconf 88' lang='lat' dir='ltr'>dissolvatur</span> 
     </span>
     <span class='ocr_line' id='line_1_22' title="bbox 222 1469 1534 1518; baseline -0.002 -10"><span class='ocrx_word' id='word_1_154' title='bbox 222 1471 404 1508; x_wconf 90' lang='lat' dir='ltr'>armonia</span> <span class='ocrx_word' id='word_1_155' title='bbox 437 1470 541 1507; x_wconf 91' lang='lat' dir='ltr'>inter</span> <span class='ocrx_word' id='word_1_156' title='bbox 573 1471 777 1518; x_wconf 86' lang='lat' dir='ltr'>religiosos</span> <span class='ocrx_word' id='word_1_157' title='bbox 801 1480 838 1507; x_wconf 88' lang='lat' dir='ltr'>et</span> <span class='ocrx_word' id='word_1_158' title='bbox 860 1472 1007 1518; x_wconf 83' lang='lat' dir='ltr'>laycos,</span> <span class='ocrx_word' id='word_1_159' title='bbox 1040 1479 1083 1507; x_wconf 91' lang='lat' dir='ltr'>ut</span> <span class='ocrx_word' id='word_1_160' title='bbox 1107 1480 1206 1518; x_wconf 89' lang='lat' dir='ltr'>puta</span> <span class='ocrx_word' id='word_1_161' title='bbox 1231 1471 1338 1518; x_wconf 90' lang='lat' dir='ltr'>quod</span> <span class='ocrx_word' id='word_1_162' title='bbox 1364 1469 1534 1505; x_wconf 89' lang='lat' dir='ltr'>nimium</span> 
     </span>
     <span class='ocr_line' id='line_1_23' title="bbox 222 1527 1535 1575; baseline -0.002 -10"><span class='ocrx_word' id='word_1_163' title='bbox 222 1529 268 1566; x_wconf 89' lang='lat' dir='ltr'>de</span> <span class='ocrx_word' id='word_1_164' title='bbox 313 1529 427 1566; x_wconf 87' lang='lat' dir='ltr'>bonis</span> <span class='ocrx_word' id='word_1_165' title='bbox 474 1530 632 1565; x_wconf 90' lang='lat' dir='ltr'>fortune</span> <span class='ocrx_word' id='word_1_166' title='bbox 678 1529 732 1565; x_wconf 89' lang='lat' dir='ltr'>eis</span> <span class='ocrx_word' id='word_1_167' title='bbox 765 1528 946 1565; x_wconf 86' lang='lat' dir='ltr'>adiaceat</span> <span class='ocrx_word' id='word_1_168' title='bbox 980 1537 1015 1564; x_wconf 92' lang='lat' dir='ltr'>et</span> <span class='ocrx_word' id='word_1_169' title='bbox 1048 1528 1169 1575; x_wconf 84' lang='lat' dir='ltr'>laycis</span> <span class='ocrx_word' id='word_1_170' title='bbox 1201 1527 1321 1564; x_wconf 90' lang='lat' dir='ltr'>nimis</span> <span class='ocrx_word' id='word_1_171' title='bbox 1353 1540 1535 1575; x_wconf 88' lang='lat' dir='ltr'>parcum.</span> 
     </span>
     <span class='ocr_line' id='line_1_24' title="bbox 221 1585 1535 1635; baseline -0.002 -12"><span class='ocrx_word' id='word_1_172' title='bbox 221 1587 276 1623; x_wconf 88' lang='lat' dir='ltr'>Ex</span> <span class='ocrx_word' id='word_1_173' title='bbox 319 1586 411 1623; x_wconf 89' lang='lat' dir='ltr'>hinc</span> <span class='ocrx_word' id='word_1_174' title='bbox 462 1587 565 1623; x_wconf 83' lang='lat' dir='ltr'>enim</span> <span class='ocrx_word' id='word_1_175' title='bbox 621 1586 985 1635; x_wconf 85' lang='lat' dir='ltr'>multiplicarentur</span> <span class='ocrx_word' id='word_1_176' title='bbox 1038 1585 1250 1633; x_wconf 82' lang='lat' dir='ltr'>irreligiosi</span> <span class='ocrx_word' id='word_1_177' title='bbox 1303 1585 1535 1621; x_wconf 84' lang='lat' dir='ltr'>claustrales</span> 
     </span>
     <span class='ocr_line' id='line_1_25' title="bbox 220 1643 1535 1692; baseline -0.002 -12"><span class='ocrx_word' id='word_1_178' title='bbox 220 1643 339 1681; x_wconf 84' lang='lat' dir='ltr'>nimis</span> <span class='ocrx_word' id='word_1_179' title='bbox 372 1644 486 1681; x_wconf 88' lang='lat' dir='ltr'>multi</span> <span class='ocrx_word' id='word_1_180' title='bbox 518 1653 701 1692; x_wconf 88' lang='lat' dir='ltr'>respectu</span> <span class='ocrx_word' id='word_1_181' title='bbox 733 1644 872 1692; x_wconf 89' lang='lat' dir='ltr'>populi</span> <span class='ocrx_word' id='word_1_182' title='bbox 907 1653 943 1680; x_wconf 92' lang='lat' dir='ltr'>et</span> <span class='ocrx_word' id='word_1_183' title='bbox 976 1652 1287 1692; x_wconf 86' lang='lat' dir='ltr'>aggravarentur</span> <span class='ocrx_word' id='word_1_184' title='bbox 1320 1643 1411 1679; x_wconf 91' lang='lat' dir='ltr'>hinc</span> <span class='ocrx_word' id='word_1_185' title='bbox 1444 1643 1535 1679; x_wconf 91' lang='lat' dir='ltr'>inde</span> 
     </span>
     <span class='ocr_line' id='line_1_26' title="bbox 103 1698 1532 1754; baseline -0.001 -17"><span class='ocrx_word' id='word_1_186' title='bbox 103 1703 183 1746; x_wconf 75' lang='lat' dir='ltr'>204cl</span> <span class='ocrx_word' id='word_1_187' title='bbox 222 1715 294 1749; x_wconf 90' lang='lat' dir='ltr'>pro</span> <span class='ocrx_word' id='word_1_188' title='bbox 318 1701 470 1738; x_wconf 90' lang='lat' dir='ltr'>diviciis</span> <span class='ocrx_word' id='word_1_189' title='bbox 494 1701 652 1738; x_wconf 85' lang='lat' dir='ltr'>iniurie.</span> <span class='ocrx_word' id='word_1_190' title='bbox 687 1705 734 1738; x_wconf 86' lang='lat' dir='ltr'>Et</span> <span class='ocrx_word' id='word_1_191' title='bbox 757 1702 881 1738; x_wconf 88' lang='lat' dir='ltr'>tercio</span> <span class='ocrx_word' id='word_1_192' title='bbox 904 1702 1099 1751; x_wconf 80' lang='lat' dir='ltr'>sapienter</span> <span class='ocrx_word' id='word_1_193' title='bbox 1127 1698 1284 1754; x_wconf 70' lang='lat' dir='ltr'>quolad</span> <span class='ocrx_word' id='word_1_194' title='bbox 1317 1713 1532 1749; x_wconf 90' lang='lat' dir='ltr'>personam</span> 
     </span>
     <span class='ocr_line' id='line_1_27' title="bbox 221 1758 1533 1808; baseline -0.002 -12"><span class='ocrx_word' id='word_1_195' title='bbox 221 1760 456 1796; x_wconf 85' lang='lat' dir='ltr'>fundantem</span> <span class='ocrx_word' id='word_1_196' title='bbox 489 1769 532 1796; x_wconf 86' lang='lat' dir='ltr'>ut</span> <span class='ocrx_word' id='word_1_197' title='bbox 565 1772 662 1808; x_wconf 91' lang='lat' dir='ltr'>pure</span> <span class='ocrx_word' id='word_1_198' title='bbox 695 1759 875 1796; x_wconf 90' lang='lat' dir='ltr'>intendat</span> <span class='ocrx_word' id='word_1_199' title='bbox 907 1761 1101 1795; x_wconf 88' lang='lat' dir='ltr'>honorem</span> <span class='ocrx_word' id='word_1_200' title='bbox 1137 1759 1207 1795; x_wconf 93' lang='lat' dir='ltr'>Dei</span> <span class='ocrx_word' id='word_1_201' title='bbox 1249 1767 1286 1795; x_wconf 90' lang='lat' dir='ltr'>et</span> <span class='ocrx_word' id='word_1_202' title='bbox 1318 1758 1533 1794; x_wconf 88' lang='lat' dir='ltr'>utilitatem</span> 
     </span>
     <span class='ocr_line' id='line_1_28' title="bbox 221 1817 1535 1865; baseline -0.002 -11"><span class='ocrx_word' id='word_1_203' title='bbox 221 1817 385 1854; x_wconf 88' lang='lat' dir='ltr'>ecclesie</span> <span class='ocrx_word' id='word_1_204' title='bbox 429 1818 547 1854; x_wconf 87' lang='lat' dir='ltr'>laude</span> <span class='ocrx_word' id='word_1_205' title='bbox 591 1817 765 1854; x_wconf 89' lang='lat' dir='ltr'>nominis</span> <span class='ocrx_word' id='word_1_206' title='bbox 809 1817 956 1853; x_wconf 91' lang='lat' dir='ltr'>terreni</span> <span class='ocrx_word' id='word_1_207' title='bbox 1001 1817 1243 1865; x_wconf 83' lang='lat' dir='ltr'>postposita3</span> <span class='ocrx_word' id='word_1_208' title='bbox 1288 1825 1326 1852; x_wconf 90' lang='lat' dir='ltr'>et</span> <span class='ocrx_word' id='word_1_209' title='bbox 1370 1824 1535 1864; x_wconf 90' lang='lat' dir='ltr'>propter</span> 
     </span>
     <span class='ocr_line' id='line_1_29' title="bbox 221 1873 1532 1918; baseline -0.002 -7"><span class='ocrx_word' id='word_1_210' title='bbox 221 1875 398 1912; x_wconf 90' lang='lat' dir='ltr'>defectus</span> <span class='ocrx_word' id='word_1_211' title='bbox 421 1874 579 1911; x_wconf 90' lang='lat' dir='ltr'>illarum</span> <span class='ocrx_word' id='word_1_212' title='bbox 606 1875 1009 1912; x_wconf 88' lang='lat' dir='ltr'>circumstanciarum</span> <span class='ocrx_word' id='word_1_213' title='bbox 1035 1875 1131 1911; x_wconf 87' lang='lat' dir='ltr'>dicit</span> <span class='ocrx_word' id='word_1_214' title='bbox 1154 1873 1393 1911; x_wconf 87' lang='lat' dir='ltr'>venerabilis</span> <span class='ocrx_word' id='word_1_215' title='bbox 1411 1874 1532 1918; x_wconf 87' lang='lat' dir='ltr'>Beda,</span> 
     </span>
     <span class='ocr_line' id='line_1_30' title="bbox 221 1931 1535 1984; baseline -0.002 -15"><span class='ocrx_word' id='word_1_216' title='bbox 221 1934 328 1981; x_wconf 92' lang='lat' dir='ltr'>quod</span> <span class='ocrx_word' id='word_1_217' title='bbox 362 1933 590 1969; x_wconf 80' lang='lat' dir='ltr'>donaciones</span> <span class='ocrx_word' id='word_1_218' title='bbox 622 1946 761 1984; x_wconf 78' lang='lat' dir='ltr'>regum</span> <span class='ocrx_word' id='word_1_219' title='bbox 794 1933 934 1983; x_wconf 78' lang='lat' dir='ltr'>Anglie</span> <span class='ocrx_word' id='word_1_220' title='bbox 965 1933 1099 1981; x_wconf 81' lang='lat' dir='ltr'>quibus</span> <span class='ocrx_word' id='word_1_221' title='bbox 1139 1933 1323 1968; x_wconf 77' lang='lat' dir='ltr'>dotarunt</span> <span class='ocrx_word' id='word_1_222' title='bbox 1355 1931 1535 1967; x_wconf 85' lang='lat' dir='ltr'>ecclesias</span> 
     </span>
     <span class='ocr_line' id='line_1_31' title="bbox 165 1990 1534 2039; baseline -0.002 -12"><span class='ocrx_word' id='word_1_223' title='bbox 165 1995 205 2027; x_wconf 76' lang='lat'>30</span> <span class='ocrx_word' id='word_1_224' title='bbox 221 1998 331 2026; x_wconf 88' lang='lat' dir='ltr'>erant</span> <span class='ocrx_word' id='word_1_225' title='bbox 352 1991 589 2034; x_wconf 80' lang='lat' dir='ltr'>stultissime,</span> <span class='ocrx_word' id='word_1_226' title='bbox 618 1991 672 2027; x_wconf 89' lang='lat' dir='ltr'>sic</span> <span class='ocrx_word' id='word_1_227' title='bbox 695 1992 796 2039; x_wconf 80' lang='lat' dir='ltr'>quod</span> <span class='ocrx_word' id='word_1_228' title='bbox 818 1991 853 2026; x_wconf 88' lang='lat' dir='ltr'>in</span> <span class='ocrx_word' id='word_1_229' title='bbox 877 2003 966 2026; x_wconf 84' lang='lat' dir='ltr'>casu</span> <span class='ocrx_word' id='word_1_230' title='bbox 991 1991 1180 2026; x_wconf 84' lang='lat' dir='ltr'>donarent</span> <span class='ocrx_word' id='word_1_231' title='bbox 1204 1991 1286 2026; x_wconf 90' lang='lat' dir='ltr'>Deo</span> <span class='ocrx_word' id='word_1_232' title='bbox 1309 1990 1534 2038; x_wconf 86' lang='lat' dir='ltr'>aufferendo</span> 
     </span>
     <span class='ocr_line' id='line_1_32' title="bbox 221 2047 1535 2099; baseline -0.002 -15"><span class='ocrx_word' id='word_1_233' title='bbox 221 2061 243 2084; x_wconf 84' lang='lat' dir='ltr'>a</span> <span class='ocrx_word' id='word_1_234' title='bbox 287 2048 472 2099; x_wconf 81' lang='lat' dir='ltr'>dyabolo,</span> <span class='ocrx_word' id='word_1_235' title='bbox 518 2048 746 2097; x_wconf 80' lang='lat' dir='ltr'>expellendo</span> <span class='ocrx_word' id='word_1_236' title='bbox 790 2055 987 2097; x_wconf 82' lang='lat' dir='ltr'>apostatas</span> <span class='ocrx_word' id='word_1_237' title='bbox 1030 2061 1051 2083; x_wconf 86' lang='lat' dir='ltr'>a</span> <span class='ocrx_word' id='word_1_238' title='bbox 1098 2048 1180 2084; x_wconf 88' lang='lat' dir='ltr'>loco</span> <span class='ocrx_word' id='word_1_239' title='bbox 1225 2047 1288 2083; x_wconf 89' lang='lat' dir='ltr'>ubi</span> <span class='ocrx_word' id='word_1_240' title='bbox 1331 2054 1386 2083; x_wconf 89' lang='lat' dir='ltr'>est</span> <span class='ocrx_word' id='word_1_241' title='bbox 1423 2047 1535 2082; x_wconf 83' lang='lat' dir='ltr'>nidus</span> 
     </span>
     <span class='ocr_line' id='line_1_33' title="bbox 222 2106 395 2157; baseline 0.006 -17"><span class='ocrx_word' id='word_1_242' title='bbox 222 2106 395 2157; x_wconf 77' lang='lat' dir='ltr'>dyaboli.</span> 
     </span>
     <span class='ocr_line' id='line_1_34' title="bbox 159 2162 1532 2211; baseline -0.001 -13"><span class='ocrx_word' id='word_1_243' title='bbox 159 2167 182 2198; x_wconf 84' lang='grc' dir='ltr'><em>Ρ</em></span> <span class='ocrx_word' id='word_1_244' title='bbox 278 2165 321 2200; x_wconf 90' lang='lat' dir='ltr'>In</span> <span class='ocrx_word' id='word_1_245' title='bbox 353 2162 476 2211; x_wconf 88' lang='lat' dir='ltr'>priori</span> <span class='ocrx_word' id='word_1_246' title='bbox 517 2176 703 2200; x_wconf 90' lang='lat' dir='ltr'>mensura</span> <span class='ocrx_word' id='word_1_247' title='bbox 740 2163 960 2200; x_wconf 87' lang='lat' dir='ltr'>fundarunt</span> <span class='ocrx_word' id='word_1_248' title='bbox 1004 2162 1249 2199; x_wconf 88' lang='lat' dir='ltr'>monasteria</span> <span class='ocrx_word' id='word_1_249' title='bbox 1282 2162 1532 2208; x_wconf 85' lang='lat' dir='ltr'>Benedictus,</span> 
     </span>
     <span class='ocr_line' id='line_1_35' title="bbox 221 2218 1534 2269; baseline -0.002 -12"><span class='ocrx_word' id='word_1_250' title='bbox 221 2221 435 2269; x_wconf 84' lang='lat' dir='ltr'>Gregorius</span> <span class='ocrx_word' id='word_1_251' title='bbox 480 2229 516 2257; x_wconf 91' lang='lat' dir='ltr'>et</span> <span class='ocrx_word' id='word_1_252' title='bbox 562 2221 628 2257; x_wconf 88' lang='lat' dir='ltr'>alii</span> <span class='ocrx_word' id='word_1_253' title='bbox 669 2221 781 2257; x_wconf 89' lang='lat' dir='ltr'>multi</span> <span class='ocrx_word' id='word_1_254' title='bbox 814 2221 954 2267; x_wconf 88' lang='lat' dir='ltr'>sancti,</span> <span class='ocrx_word' id='word_1_255' title='bbox 988 2222 1056 2257; x_wconf 88' lang='lat' dir='ltr'>sed</span> <span class='ocrx_word' id='word_1_256' title='bbox 1088 2228 1400 2268; x_wconf 89' lang='lat' dir='ltr'>supposuerunt,</span> <span class='ocrx_word' id='word_1_257' title='bbox 1433 2218 1534 2256; x_wconf 87' lang='lat' dir='ltr'>sicut</span> 
     </span>
     <span class='ocr_line' id='line_1_36' title="bbox 164 2277 1533 2327; baseline -0.001 -13"><span class='ocrx_word' id='word_1_258' title='bbox 164 2282 203 2315; x_wconf 80' lang='lat'>35</span> <span class='ocrx_word' id='word_1_259' title='bbox 221 2279 401 2327; x_wconf 89' lang='lat' dir='ltr'>sequitur</span> <span class='ocrx_word' id='word_1_260' title='bbox 425 2280 472 2314; x_wconf 89' lang='lat' dir='ltr'>de</span> <span class='ocrx_word' id='word_1_261' title='bbox 505 2287 649 2315; x_wconf 89' lang='lat' dir='ltr'>natura</span> <span class='ocrx_word' id='word_1_262' title='bbox 682 2278 751 2325; x_wconf 90' lang='lat' dir='ltr'>rei,</span> <span class='ocrx_word' id='word_1_263' title='bbox 786 2280 893 2326; x_wconf 91' lang='lat' dir='ltr'>quod</span> <span class='ocrx_word' id='word_1_264' title='bbox 926 2279 998 2315; x_wconf 89' lang='lat' dir='ltr'>hec</span> <span class='ocrx_word' id='word_1_265' title='bbox 1032 2280 1181 2315; x_wconf 89' lang='lat' dir='ltr'>habent</span> <span class='ocrx_word' id='word_1_266' title='bbox 1216 2277 1427 2315; x_wconf 87' lang='lat' dir='ltr'>monastici</span> <span class='ocrx_word' id='word_1_267' title='bbox 1460 2277 1533 2313; x_wconf 92' lang='lat' dir='ltr'>sub</span> 
     </span>
     <span class='ocr_line' id='line_1_37' title="bbox 221 2335 1533 2384; baseline -0.002 -12"><span class='ocrx_word' id='word_1_268' title='bbox 221 2336 459 2373; x_wconf 88' lang='lat' dir='ltr'>condicione</span> <span class='ocrx_word' id='word_1_269' title='bbox 493 2336 600 2384; x_wconf 88' lang='lat' dir='ltr'>quod</span> <span class='ocrx_word' id='word_1_270' title='bbox 628 2336 787 2373; x_wconf 88' lang='lat' dir='ltr'>Christo</span> <span class='ocrx_word' id='word_1_271' title='bbox 822 2336 1050 2372; x_wconf 87' lang='lat' dir='ltr'>ministrent</span> <span class='ocrx_word' id='word_1_272' title='bbox 1081 2336 1121 2372; x_wconf 91' lang='lat' dir='ltr'>in</span> <span class='ocrx_word' id='word_1_273' title='bbox 1154 2336 1302 2384; x_wconf 87' lang='lat' dir='ltr'>gracia,</span> <span class='ocrx_word' id='word_1_274' title='bbox 1336 2335 1533 2371; x_wconf 89' lang='lat' dir='ltr'>servando</span> 
     </span>
     <span class='ocr_line' id='line_1_38' title="bbox 186 2393 1532 2442; baseline -0.001 -11"><span class='ocrx_word' id='word_1_275' title='bbox 186 2412 189 2414; x_wconf 89' lang='lat'>·</span> <span class='ocrx_word' id='word_1_276' title='bbox 221 2402 513 2442; x_wconf 84' lang='lat' dir='ltr'>paupertatem,</span> <span class='ocrx_word' id='word_1_277' title='bbox 539 2393 839 2430; x_wconf 88' lang='lat' dir='ltr'>communicent</span> <span class='ocrx_word' id='word_1_278' title='bbox 864 2393 998 2442; x_wconf 87' lang='lat' dir='ltr'>egenis</span> <span class='ocrx_word' id='word_1_279' title='bbox 1022 2393 1226 2429; x_wconf 88' lang='lat' dir='ltr'>residuum</span> <span class='ocrx_word' id='word_1_280' title='bbox 1251 2402 1288 2429; x_wconf 92' lang='lat' dir='ltr'>et</span> <span class='ocrx_word' id='word_1_281' title='bbox 1312 2393 1532 2430; x_wconf 90' lang='lat' dir='ltr'>secundum</span> 
     </span>
     <span class='ocr_line' id='line_1_39' title="bbox 222 2450 1532 2499; baseline -0.002 -11"><span class='ocrx_word' id='word_1_282' title='bbox 222 2452 437 2488; x_wconf 88' lang='lat' dir='ltr'>discretum</span> <span class='ocrx_word' id='word_1_283' title='bbox 480 2464 645 2488; x_wconf 87' lang='lat' dir='ltr'>examen</span> <span class='ocrx_word' id='word_1_284' title='bbox 683 2460 892 2499; x_wconf 89' lang='lat' dir='ltr'>acceptent</span> <span class='ocrx_word' id='word_1_285' title='bbox 932 2452 1134 2499; x_wconf 88' lang='lat' dir='ltr'>regulares</span> <span class='ocrx_word' id='word_1_286' title='bbox 1175 2450 1243 2499; x_wconf 91' lang='lat' dir='ltr'>qui</span> <span class='ocrx_word' id='word_1_287' title='bbox 1282 2450 1322 2487; x_wconf 93' lang='lat' dir='ltr'>in</span> <span class='ocrx_word' id='word_1_288' title='bbox 1355 2450 1422 2487; x_wconf 92' lang='lat' dir='ltr'>illa</span> <span class='ocrx_word' id='word_1_289' title='bbox 1453 2450 1532 2486; x_wconf 85' lang='lat' dir='ltr'>vita</span> 
     </span>
     <span class='ocr_line' id='line_1_40' title="bbox 223 2507 1531 2558; baseline -0.001 -13"><span class='ocrx_word' id='word_1_290' title='bbox 223 2509 347 2557; x_wconf 88' lang='lat' dir='ltr'>magis</span> <span class='ocrx_word' id='word_1_291' title='bbox 379 2509 638 2558; x_wconf 68' lang='lat' dir='ltr'>proficerent,</span> <span class='ocrx_word' id='word_1_292' title='bbox 672 2509 893 2557; x_wconf 88' lang='lat' dir='ltr'>perfeccior</span> <span class='ocrx_word' id='word_1_293' title='bbox 917 2518 1049 2546; x_wconf 88' lang='lat' dir='ltr'>autern</span> <span class='ocrx_word' id='word_1_294' title='bbox 1075 2518 1133 2545; x_wconf 93' lang='lat' dir='ltr'>est</span> <span class='ocrx_word' id='word_1_295' title='bbox 1161 2517 1286 2545; x_wconf 89' lang='lat' dir='ltr'>status</span> <span class='ocrx_word' id='word_1_296' title='bbox 1308 2507 1531 2545; x_wconf 88' lang='lat' dir='ltr'>vivencium</span> 
     </span>
     <span class='ocr_line' id='line_1_41' title="bbox 161 2566 1530 2614; baseline -0.001 -10"><span class='ocrx_word' id='word_1_297' title='bbox 161 2567 261 2611; x_wconf 88' lang='lat' dir='ltr'>4oin</span> <span class='ocrx_word' id='word_1_298' title='bbox 313 2566 529 2604; x_wconf 89' lang='lat' dir='ltr'>solitudine</span> <span class='ocrx_word' id='word_1_299' title='bbox 573 2567 632 2604; x_wconf 90' lang='lat' dir='ltr'>vel</span> <span class='ocrx_word' id='word_1_300' title='bbox 684 2567 723 2603; x_wconf 92' lang='lat' dir='ltr'>in</span> <span class='ocrx_word' id='word_1_301' title='bbox 778 2567 928 2603; x_wconf 89' lang='lat' dir='ltr'>mundo</span> <span class='ocrx_word' id='word_1_302' title='bbox 974 2568 1023 2603; x_wconf 94' lang='lat' dir='ltr'>ad</span> <span class='ocrx_word' id='word_1_303' title='bbox 1069 2566 1263 2603; x_wconf 89' lang='lat' dir='ltr'>maiorem</span> <span class='ocrx_word' id='word_1_304' title='bbox 1309 2566 1530 2614; x_wconf 89' lang='lat' dir='ltr'>profectum</span> 
     </span>
    </p>
   </div>
   <div class='ocr_carea' id='block_1_3' title="bbox 290 2687 1048 2725">
    <p class='ocr_par' dir='ltr' id='par_1_3' title="bbox 290 2687 1048 2725">
     <span class='ocr_line' id='line_1_42' title="bbox 290 2687 1048 2725; baseline -0.001 -8"><span class='ocrx_word' id='word_1_305' title='bbox 290 2698 332 2718; x_wconf 83' lang='grc' dir='ltr'>ιο.</span> <span class='ocrx_word' id='word_1_306' title='bbox 353 2689 448 2717; x_wconf 86' lang='lat' dir='ltr'>Cod.:</span> <span class='ocrx_word' id='word_1_307' title='bbox 468 2689 689 2725; x_wconf 82' lang='lat' dir='ltr'>apprecianda.</span> <span class='ocrx_word' id='word_1_308' title='bbox 781 2687 819 2716; x_wconf 82' lang='lat'>15.</span> <span class='ocrx_word' id='word_1_309' title='bbox 840 2689 871 2716; x_wconf 85' lang='lat' dir='ltr'>in</span> <span class='ocrx_word' id='word_1_310' title='bbox 892 2689 988 2717; x_wconf 91' lang='lat' dir='ltr'>Cod.:</span> <span class='ocrx_word' id='word_1_311' title='bbox 1010 2692 1048 2716; x_wconf 85' lang='lat' dir='ltr'>et.</span> 
     </span>
    </p>
   </div>
   <div class='ocr_carea' id='block_1_4' title="bbox 221 2760 1531 2850">
    <p class='ocr_par' dir='ltr' id='par_1_4' title="bbox 221 2760 1531 2850">
     <span class='ocr_line' id='line_1_43' title="bbox 295 2760 1531 2840; baseline -0.002 -47"><span class='ocrx_word' id='word_1_312' title='bbox 295 2772 321 2795; x_wconf 90' lang='lat'>1.</span> <span class='ocrx_word' id='word_1_313' title='bbox 349 2761 476 2840; x_wconf 55' lang='lat' dir='ltr'>Philgl,</span> <span class='ocrx_word' id='word_1_314' title='bbox 498 2762 551 2795; x_wconf 80' lang='lat'>23.</span> <span class='ocrx_word' id='word_1_315' title='bbox 646 2760 676 2792; x_wconf 85' lang='grc'>6.</span> <span class='ocrx_word' id='word_1_316' title='bbox 703 2761 724 2793; x_wconf 91' lang='lat'>1.</span> <span class='ocrx_word' id='word_1_317' title='bbox 744 2771 771 2793; x_wconf 84' lang='lat' dir='ltr'>c.</span> <span class='ocrx_word' id='word_1_318' title='bbox 790 2771 867 2803; x_wconf 86' lang='lat' dir='ltr'>pag.</span> <span class='ocrx_word' id='word_1_319' title='bbox 888 2771 965 2803; x_wconf 90' lang='lat'><strong>772.</strong></span> <span class='ocrx_word' id='word_1_320' title='bbox 1066 2760 1114 2794; x_wconf 79' lang='lat'>15.</span> <span class='ocrx_word' id='word_1_321' title='bbox 1142 2761 1191 2792; x_wconf 93' lang='lat' dir='ltr'>De</span> <span class='ocrx_word' id='word_1_322' title='bbox 1214 2760 1314 2792; x_wconf 83' lang='lat' dir='ltr'>Civili</span> <span class='ocrx_word' id='word_1_323' title='bbox 1335 2760 1474 2792; x_wconf 83' lang='lat' dir='ltr'>Domini</span> <span class='ocrx_word' id='word_1_324' title='bbox 1494 2761 1531 2801; x_wconf 73' lang='grc' dir='ltr'>ΙΙ,</span> 
     </span>
     <span class='ocr_line' id='line_1_44' title="bbox 221 2818 458 2850; baseline 0 -1"><span class='ocrx_word' id='word_1_325' title='bbox 221 2818 296 2850; x_wconf 67' lang='lat' dir='ltr'>pag·</span> <span class='ocrx_word' id='word_1_326' title='bbox 324 2818 378 2849; x_wconf 66' lang='lat'>47⁷</span> <span class='ocrx_word' id='word_1_327' title='bbox 408 2818 423 2840; x_wconf 69' lang='lat'>:³</span> <span class='ocrx_word' id='word_1_328' title='bbox 452 2833 458 2841; x_wconf 94' lang='lat'><strong>·</strong></span> 
     </span>
    </p>
   </div>
   <div class='ocr_carea' id='block_1_5' title="bbox 1745 215 1823 254">
    <p class='ocr_par' dir='ltr' id='par_1_5' title="bbox 1745 215 1823 254">
     <span class='ocr_line' id='line_1_45' title="bbox 1745 215 1823 254; baseline 0.013 -1"><span class='ocrx_word' id='word_1_329' title='bbox 1745 215 1823 254; x_wconf 83' lang='lat'>503</span> 
     </span>
    </p>
   </div>
   <div class='ocr_carea' id='block_1_6' title="bbox 1591 1130 1782 1271">
    <p class='ocr_par' dir='ltr' id='par_1_6' title="bbox 1591 1130 1782 1271">
     <span class='ocr_line' id='line_1_46' title="bbox 1596 1130 1782 1159; baseline 0.005 -1"><span class='ocrx_word' id='word_1_330' title='bbox 1596 1130 1782 1159; x_wconf 83' lang='lat' dir='ltr'>Conditions</span> 
     </span>
     <span class='ocr_line' id='line_1_47' title="bbox 1602 1166 1766 1193; baseline 0 0"><span class='ocrx_word' id='word_1_331' title='bbox 1602 1166 1716 1193; x_wconf 86' lang='lat' dir='ltr'>needed</span> <span class='ocrx_word' id='word_1_332' title='bbox 1737 1166 1766 1193; x_wconf 95' lang='lat' dir='ltr'>in</span> 
     </span>
     <span class='ocr_line' id='line_1_48' title="bbox 1591 1200 1779 1236; baseline 0.005 -9"><span class='ocrx_word' id='word_1_333' title='bbox 1591 1200 1744 1236; x_wconf 84' lang='lat' dir='ltr'>founding</span> <span class='ocrx_word' id='word_1_334' title='bbox 1763 1209 1779 1228; x_wconf 93' lang='lat' dir='ltr'>a</span> 
     </span>
     <span class='ocr_line' id='line_1_49' title="bbox 1592 1240 1781 1271; baseline -0.011 -8"><span class='ocrx_word' id='word_1_335' title='bbox 1592 1240 1781 1271; x_wconf 85' lang='lat' dir='ltr'>monastery.</span> 
     </span>
    </p>
   </div>
  </div>
 </body>
</html>
