2050 3292
253 212 339 239 CAP.
362 201 477 255 xxv]
718 212 852 243 LIBER
877 211 1086 243 TERTIUs.
1757 212 1837 251 579

253 318 431 366 corporis
463 320 501 353 in
535 325 638 354 statu
670 316 984 352 immortalitatis
1019 316 1270 363 dependebat
1292 327 1314 351 a
1339 313 1472 351 celesti
1496 314 1552 349 in-

252 376 434 422 fluencia,
461 377 508 411 ab
533 375 667 411 anima
691 383 727 410 et
750 387 772 410 a
794 386 975 421 corpore,
1011 385 1101 409 cum
1127 373 1307 409 acciones
1330 371 1550 408 activorum

125 436 207 478 234d
252 433 498 481 recipiuntur
530 434 567 467 in
600 431 764 480 passivis
793 429 797 483 ᾗ
826 432 1041 467 secundum
1073 430 1360 478 disposiciones
1394 439 1550 471 eorum;

252 504 340 526 cum
376 491 493 538 igitur
526 503 669 537 corpus
703 501 745 525 ex
778 489 991 525 rebellione
1024 490 1073 524 ad
1106 488 1283 524 animam
1319 488 1550 523 frustratum

218 552 307 585 §est
352 551 399 584 ab
445 548 525 584 eius
569 546 739 583 naturali
785 546 992 593 regimine,
1038 553 1145 593 patet
1179 547 1286 593 quod
1326 544 1551 581 necessario

249 615 329 642 tam
375 606 507 654 quoad
553 617 696 652 corpus
742 616 860 651 quarn
907 604 1040 651 quoad
1080 603 1255 639 animam
1305 604 1481 650 sequitur
1513 602 1552 637 in

250 675 417 710 corpore
440 671 632 710 perpetuo
660 661 867 705 discrasia;
902 660 1014 697 aliter
1047 660 1151 696 enim
1176 669 1310 708 ageret
1338 670 1552 707 utrumque

249 720 287 755 in
312 733 454 768 corpus
476 728 555 756 tam
582 719 770 755 continue
793 731 913 766 quam
940 718 1080 765 egisset
1112 718 1151 753 in
1184 726 1286 754 statu
1318 717 1552 760 innocencie

249 778 410 814 racione
432 777 537 814 varie
561 776 836 824 disposicionis
859 775 1036 821 subiecti,
1061 777 1127 811 sed
1150 784 1245 811 tunc
1263 777 1468 823 quomodo
1493 787 1551 810 re-

197 850 234 870 10
249 836 448 883 gulassent
470 835 688 871 secundum
712 833 1038 869 remississimum
1056 834 1223 880 gradum
1240 832 1553 869 immortalitatis

250 893 447 940 corporis;
482 892 600 940 igitur
622 900 780 939 oportet
803 892 912 939 quod
936 903 1038 927 nunc
1062 892 1246 938 regulent
1269 890 1552 938 indisposicius

248 963 366 998 quam
392 959 486 986 tunc
510 949 670 986 racione
703 948 1026 996 indisposicionis
1060 948 1241 994 subiecti,
1276 955 1312 984 et
1343 949 1396 984 sic
1427 949 1466 983 in
1491 947 1554 983 via

248 1007 520 1055 generacionis
567 1016 724 1055 oportet
767 1014 928 1054 propter
971 1005 1238 1042 variacionem
1284 1014 1365 1041 tam
1401 1005 1552 1052 agentis

248 1078 365 1113 quam
419 1065 564 1113 passivi
607 1066 714 1113 quod
757 1063 1041 1111 indisposicius
1086 1064 1274 1100 continue
1316 1071 1553 1111 generentur

194 1128 230 1159 15
247 1123 399 1159 semina
433 1132 469 1159 et
503 1135 672 1170 corpora
704 1121 897 1166 filiorum3
943 1130 981 1157 et
1018 1121 1074 1157 sic
1119 1134 1163 1157 ex
1207 1120 1425 1157 rebellione
1466 1133 1551 1157 cor-

247 1180 355 1228 poris
400 1182 448 1217 ad
494 1180 669 1216 animam
704 1179 929 1215 dissolvitur
964 1178 1147 1215 armonia
1179 1180 1397 1215 secundum
1430 1191 1549 1226 quam

247 1238 434 1274 continue
479 1237 700 1274 servierunt
733 1237 908 1273 Domino
953 1236 1174 1284 inculpate3
1221 1249 1295 1272 nec
1340 1244 1460 1272 restat
1503 1237 1551 1272 ab

245 1295 319 1332 ista
365 1295 554 1332 discrasia
600 1296 728 1331 evasio
772 1294 847 1330 nisi
885 1294 945 1330 vel
988 1295 1216 1330 reducendo
1260 1293 1457 1341 principia
1502 1295 1551 1329 ad

246 1361 391 1389 statum
441 1353 689 1399 innocencie,
733 1352 913 1388 faciendo
959 1353 1065 1400 quod
1108 1351 1157 1387 sit
1202 1352 1378 1387 defectus
1419 1350 1552 1387 huius-

190 1425 231 1445 20
247 1410 369 1457 modi,
403 1411 463 1447 vel
494 1412 669 1447 secundo
702 1409 893 1446 variando
938 1421 1062 1457 genus
1096 1409 1271 1446 accionis
1305 1418 1459 1455 nature,
1493 1409 1553 1445 vel

245 1468 368 1504 tercio
402 1470 575 1504 creando
597 1480 719 1504 unum
744 1480 891 1504 novum
918 1467 1121 1503 hominem
1146 1466 1214 1515 qui
1238 1467 1287 1503 sit
1310 1466 1550 1514 principium

245 1525 399 1573 generis
432 1525 596 1562 humani
628 1525 842 1573 spiritualis
876 1537 946 1572 per
978 1525 1175 1572 graciam3
1210 1526 1317 1572 quod
1341 1532 1398 1560 est
1422 1524 1549 1560 eidem

247 1583 372 1632 magis
419 1583 672 1626 conveniens,
718 1582 813 1631 quia
856 1583 997 1618 tollere
1040 1592 1168 1618 totum
1216 1594 1338 1630 genus
1377 1581 1551 1618 hominis

247 1654 335 1677 curn
370 1642 454 1689 lege
487 1641 628 1689 agendi
662 1649 699 1677 et
731 1640 969 1688 procreandi
1001 1639 1199 1676 instinctis
1243 1653 1324 1676 non
1369 1639 1553 1676 convenit

189 1699 420 1745 25auctori3
460 1708 497 1735 et
529 1712 619 1735 cum
653 1707 833 1735 remanet
865 1697 1155 1734 remissibilitas
1188 1697 1354 1745 peccati,
1393 1709 1552 1733 necesse
1567 1704 1841 1744 Theremedyfor

247 1766 302 1793 est
334 1756 577 1804 sapienciam
612 1756 813 1792 incarnari
846 1765 888 1792 ut
926 1755 974 1792 sit
996 1757 1117 1791 abbas
1140 1755 1414 1803 generacionis
1438 1754 1552 1802 spiri-
1579 1739 1826 1801 ῑῐξὲᾎῖἒζξίζῐξὴὲς

244 1814 377 1859 malis,
422 1823 463 1849 ut
508 1823 617 1862 patet
660 1813 773 1858 alibi3
819 1822 856 1849 et
897 1813 952 1849 sic
997 1813 1089 1849 licet
1122 1813 1302 1850 Christus
1346 1825 1550 1860 nunquam
1631 1809 1774 1836 wisdom.

127 1873 208 1907 235⁶*
246 1867 552 1924 infirmaflretur
595 1872 655 1908 vel
701 1880 922 1908 moreretur
967 1883 1010 1907 ex
1054 1870 1333 1907 inobediencia
1371 1870 1552 1918 corporis

247 1931 294 1965 ad
341 1929 530 1976 animam,
578 1930 638 1965 vel
685 1941 844 1965 excessu
889 1928 1069 1965 alimenti
1115 1938 1182 1965 aut
1227 1928 1309 1965 eius
1355 1927 1551 1978 carencia,

190 1990 381 2023 30tamen
424 1999 584 2023 necesse
628 1987 702 2022 fuit
745 1987 875 2034 ipsum
921 1986 1069 2031 occidig
1128 1995 1165 2022 et
1216 1986 1392 2022 creditur
1444 1987 1551 2033 quod

246 2057 391 2094 corpus
425 2045 506 2080 eius
540 2057 583 2081 ex
617 2044 881 2081 dislocacione
914 2057 936 2080 a
980 2043 1177 2091 paradiso,
1223 2043 1289 2080 ubi
1335 2043 1553 2090 susciperet

245 2102 498 2138 influenciam
524 2103 612 2149 plus
635 2115 864 2150 congruam,
888 2114 931 2137 ex
953 2101 1214 2149 suscepcione
1237 2113 1332 2137 aure
1356 2110 1392 2137 et
1414 2100 1552 2137 cibarii

246 2160 580 2196 disconvenientis
612 2160 829 2208 susciperet
862 2159 1105 2204 discrasiam,
1151 2161 1220 2196 sed
1259 2160 1391 2206 quoad
1425 2160 1551 2194 Deum

247 2227 284 2254 et
316 2217 493 2265 regimen
526 2218 657 2254 anime
690 2217 830 2253 habuit
862 2217 1192 2263 indefectibiliter,
1224 2224 1265 2252 ut
1296 2225 1480 2263 parentes
1513 2216 1551 2251 in

191 2277 229 2309 35
247 2283 350 2311 statu
382 2275 630 2322 innocencie,
664 2275 841 2323 regimen
874 2275 1081 2322 corporale
1115 2283 1152 2310 et
1180 2287 1203 2310 a
1225 2274 1417 2322 regimine
1439 2273 1552 2321 spiri-

247 2332 344 2369 tuali
377 2345 457 2368 non
488 2342 621 2380 posset
653 2333 834 2369 deficere.

306 2390 457 2435 Quinto
510 2390 714 2427 dubitatur
765 2390 795 2426 si
847 2398 1057 2437 peccatum
1103 2389 1299 2437 originale
1348 2388 1470 2436 magis
1515 2397 1553 2424 et
1599 2394 1805 2433 Originalsin

248 2447 378 2484 minus
413 2447 619 2495 suscipiat3
666 2457 703 2484 et
735 2448 889 2484 videtur
922 2449 1029 2495 quod
1063 2446 1131 2485 sic.
1165 2449 1265 2483 Nam
1299 2446 1426 2494 ipsum
1464 2458 1552 2493 pec-
1568 2429 1686 2491 adnssigz
1703 2428 1839 2490 csgsgriore

249 2514 378 2541 catum
413 2513 470 2542 est
501 2505 702 2552 originalis
736 2506 912 2541 defectus
949 2506 1017 2541 sed
1050 2504 1193 2552 aliquis
1228 2505 1350 2552 magis
1383 2512 1419 2539 et
1452 2503 1552 2539 alius

188 2563 378 2605 4ominus
430 2563 563 2599 deficit
613 2563 859 2611 originaliter
901 2562 941 2597 in
986 2562 1176 2608 moribus,
1229 2561 1346 2609 igitur
1390 2561 1554 2609 aliquod

248 2629 455 2667 peccatum
491 2620 684 2668 originale
718 2628 774 2656 est
802 2620 956 2668 reliquo
979 2619 1176 2667 inequale.
1210 2619 1340 2655 Minor
1364 2621 1553 2655 suadetur

317 2784 337 2803 1.
355 2777 449 2804 Cod.:
466 2777 689 2805 immortaliter.
763 2775 786 2803 3.
805 2776 881 2804 Cod.
893 2786 898 2803 ε
910 2776 1021 2811 possis.
1095 2784 1119 2810 7.
1137 2775 1231 2802 Cod.:
1253 2778 1339 2810 aget.
1412 2782 1440 2809 9.
1457 2774 1550 2802 Cod.:

247 2814 318 2837 tunc
333 2819 403 2846 quo.
477 2819 515 2838 12.
531 2811 624 2839 Cod.:
640 2814 670 2839 et
682 2811 739 2838 dic.
815 2819 856 2845 ¹4-
873 2810 950 2838 Cod.
962 2820 967 2838 :
981 2810 1077 2845 passi.
1140 2809 1183 2837 32.
1201 2809 1295 2837 Cod.:
1310 2817 1388 2837 aure
1402 2812 1431 2836 et
1443 2809 1550 2836 cibari.

1345 2858 1416 2899 37θθ
