2050 3292
212 234 292 270 500

268 1316 435 1342 Ditlercnce

226 1352 361 1377 between
383 1351 475 1384 sheep

247 1385 306 1412 and
328 1385 456 1418 wolves3

232 1424 297 1447 true
316 1420 375 1447 and
396 1419 470 1446 false

282 1454 416 1482 doctors.

237 2368 314 2395 How
335 2373 365 2394 to
386 2368 477 2395 know

220 2408 285 2430 true
306 2402 386 2430 from
409 2402 493 2430 false.

926 232 984 263 DE
1012 232 1149 265 CIVILI
1177 233 1387 265 DOMINIO.
1571 222 1681 277 [CAP.
1703 231 1809 260 xxm.

500 337 691 383 derivata,
736 345 779 373 ut
824 345 932 385 patet
964 338 1059 374 Luc.
1093 339 1193 387 VIII,
1237 350 1306 388 45.
1358 341 1401 376 In
1445 339 1520 377 ista
1566 340 1811 378 confessione

499 407 670 444 operosa
703 394 888 431 instructi
917 391 921 446 Ι
951 395 1122 443 apostoli
1157 396 1506 445 distinguebantur
1539 411 1562 435 a
1591 398 1696 446 lupis
1728 407 1809 435 tam

499 465 568 501 per
610 465 726 489 voces
770 465 892 500 quam
937 465 1007 500 per
1050 465 1186 503 opera,
1237 463 1282 491 ut
1327 455 1487 503 exponit
1528 456 1810 493 Crisostomus

499 510 609 547 Sicut
642 510 748 547 enim
783 510 899 573 lupus
933 510 1094 547 indutus
1127 512 1230 559 pelle
1263 512 1381 549 ovina
1413 514 1474 550 vel
1504 526 1601 551 voce
1629 515 1690 552 vel
1722 524 1813 551 actu

499 567 753 614 discernitur,
788 567 845 604 sic
879 576 916 604 et
940 568 1281 606 hereticus.()v1s
1303 571 1400 607 enim
1424 572 1605 608 inclinata
1630 573 1815 608 deorsum

499 627 618 672 balat,
652 627 762 674 lupus
793 633 919 662 autem
953 635 1177 663 convertens
1208 636 1323 677 caput
1354 629 1390 664 in
1422 641 1512 665 aere
1535 637 1668 666 contra
1692 631 1812 666 celum

499 684 635 722 ululat.
670 683 735 720 Sic
759 684 902 720 doctor
926 683 1166 721 christianus
1192 685 1404 722 confitetur
1427 686 1573 723 Christi
1598 687 1810 724 mititatem

500 750 537 777 et
605 740 886 788 humilitatem,
938 741 1098 779 imitans
1150 743 1385 790 magistrum
1438 746 1559 781 verbo
1593 755 1630 782 et
1681 758 1814 794 opere,

499 800 651 847 pseudo
703 807 835 836 autem
890 800 1031 836 doctor
1084 800 1311 849 inpugnans
1356 801 1535 839 veritatis
1587 804 1812 840 doctrinam

500 857 623 892 ululat
643 857 869 905 blasfemias
886 865 1020 893 contra
1037 859 1176 909 Deum,
1199 859 1308 895 iuxta
1325 860 1423 895 illud
1438 861 1588 897 Psalmi
1601 857 1815 898 LXXIJ8:

500 914 742 963 Iniquitatem
777 915 812 950 in
846 916 999 952 excelso
1033 916 1150 952 locuti
1179 925 1280 963 sunt,
1309 926 1525 967 posuerunt
1557 920 1592 955 in
1626 920 1748 955 celum
1772 932 1814 956 os

499 985 624 1009 suum.
658 974 843 1009 Secundo
876 974 958 1009 ovis
990 974 1130 1010 herhas
1163 976 1384 1022 manducat,
1431 977 1540 1025 lupus
1583 977 1695 1013 avide
1728 990 1815 1013 car—

501 1030 608 1066 nibus
641 1031 877 1076 delectatztr;
908 1031 963 1067 sic
997 1033 1139 1068 doctor
1173 1033 1413 1069 christianus
1448 1035 1493 1070 de
1525 1047 1660 1084 campo
1692 1036 1815 1084 scrip-

500 1095 679 1124 tui-arum
713 1089 863 1139 colligit
897 1089 1037 1125 herbas
1058 1090 1283 1140 florigeras
1314 1091 1459 1128 iusticie
1490 1099 1525 1127 et
1549 1092 1713 1137 virtutis,
1747 1091 1815 1129 ubi

501 1147 798 1193 pseudodoctor
842 1147 1059 1183 secundum
1106 1160 1196 1184 suas
1241 1148 1484 1185 tradiciones
1530 1151 1710 1187 carnales
1743 1163 1816 1199 pro

501 1212 674 1240 stercore
719 1205 1003 1252 temporalium
1049 1205 1304 1254 persequitur
1355 1207 1536 1244 subditos
1588 1220 1715 1257 usque
1767 1209 1816 1245 ad

501 1261 751 1309 sanguinem.

560 1319 704 1356 Tercio
743 1319 951 1356 considera
982 1320 1196 1358 utilitatem
1232 1331 1268 1358 et
1295 1322 1551 1359 inutilitatem
1575 1325 1818 1371 prodeuntes

504 1378 551 1413 ab
599 1376 682 1413 istis
716 1378 967 1425 doctoribus3
1008 1374 1060 1415 ¹ab
1094 1391 1164 1415 ove
1198 1380 1301 1415 enim
1336 1381 1518 1428 procedit
1555 1381 1704 1418 utilitas
1737 1394 1819 1418 car-

504 1434 629 1481 nium,
675 1435 854 1482 pellium,
899 1436 1002 1486 lane,
1046 1437 1235 1473 vellerum
1270 1447 1390 1486 atque
1425 1438 1522 1484 fimi,
1568 1447 1732 1476 econtra
1771 1441 1818 1475 de

504 1493 611 1541 lupo.
667 1493 732 1530 Sic
776 1493 939 1541 quidam
988 1494 1130 1542 prelati
1175 1494 1391 1533 innitentes
1436 1497 1622 1533 humanis
1668 1497 1818 1544 legibus

506 1552 754 1587 contendunt
801 1551 905 1588 circa
952 1552 1269 1600 magnitudinem
1323 1566 1392 1591 sue
1443 1555 1652 1602 potestatis
1699 1564 1819 1603 atque

506 1608 686 1652 dominii,
720 1610 829 1657 quod
874 1618 1066 1658 tanquam
1101 1611 1199 1647 alter
1232 1614 1338 1648 Deus
1371 1611 1413 1648 in
1450 1621 1555 1649 terra
1589 1613 1818 1661 dispensare

505 1675 673 1714 possunt
719 1676 858 1703 contra
903 1669 1140 1715 Apostolum
1190 1678 1227 1704 et
1272 1678 1410 1706 contra
1444 1670 1662 1707 Dominum
1697 1671 1816 1707 fidem

506 1723 747 1761 catholicam
782 1727 1111 1772 transmutand03
1145 1728 1213 1763 sed
1247 1740 1323 1775 que
1355 1727 1506 1764 utilitas
1538 1728 1579 1764 in
1612 1728 1695 1765 istis
1726 1741 1818 1765 con-

506 1782 759 1819 tencionibus
784 1783 1023 1820 maioritatis
1047 1786 1097 1821 ad
1121 1784 1423 1822 edificacionem
1443 1782 1448 1838 Ι
1467 1786 1604 1823 matris
1629 1786 1818 1823 ecclesie?

507 1842 587 1876 Nec
621 1840 727 1876 enim
762 1842 858 1877 dant
890 1854 1030 1878 carnes
1064 1855 1155 1878 suas
1199 1855 1271 1890 pro
1317 1844 1392 1881 fide
1436 1844 1600 1881 ecclesie
1639 1844 1818 1881 fidelibus

509 1899 810 1936 manducandas
850 1912 923 1936 nec
956 1901 1077 1947 pelles
1111 1901 1433 1938 conversacionis
1466 1914 1534 1939 sue
1569 1902 1818 1939 miraculosis

507 1955 695 2004 operibus
740 1959 960 1994 exorandas
1005 1970 1077 1994 nec
1121 1958 1266 1996 vellera
1311 1959 1611 1997 caritativorum
1651 1973 1815 2008 operum

508 2015 556 2050 ad
589 2026 780 2061 sponsam
815 2015 980 2051 ecclesie
1012 2016 1271 2067 vestiendam,
1318 2030 1389 2054 nec
1428 2017 1620 2054 interiora
1653 2031 1815 2054 suorum
1836 2022 1850 2031 ''

508 2084 694 2108 sensuum
730 2081 924 2121 tanquam
958 2073 1051 2110 liras
1084 2074 1294 2122 scripture,
1328 2085 1370 2111 ut
1402 2088 1445 2111 ex
1479 2088 1614 2112 eorum
1641 2076 1818 2123 postilla-

509 2129 623 2165 cione
667 2131 792 2178 possit
837 2131 1004 2167 ecclesia
1049 2132 1167 2168 fidem
1215 2133 1454 2169 christicolis
1500 2145 1699 2178 resonare,
1745 2146 1818 2170 nec

509 2189 669 2223 demum
716 2196 893 2225 stercora
924 2189 1208 2237 temporalium
1243 2193 1292 2226 ad
1330 2190 1687 2228 fructificacionem
1724 2204 1819 2238 pau-

510 2257 648 2292 perum
682 2246 1008 2294 subministrant;
1050 2256 1086 2284 et
1118 2247 1174 2284 sic
1208 2260 1279 2284 nec
1313 2261 1497 2286 sermone
1530 2262 1570 2286 se
1602 2250 1818 2286 ostendunt

510 2302 657 2340 Christi
691 2303 909 2353 discipulos
941 2317 1070 2353 neque
1103 2314 1206 2342 actu.

568 2362 645 2397 Sed
679 2362 802 2399 tercio
834 2362 1040 2400 videamus
1075 2364 1356 2411 exemplariter
1401 2365 1431 2400 si
1466 2364 1659 2413 prepositi
1692 2364 1817 2400 nostri

510 2428 679 2467 pascunt
702 2432 793 2457 oves
810 2419 935 2457 instar
953 2421 1099 2457 Christi
1123 2430 1160 2458 et
1182 2423 1456 2470 apostolorum
1475 2422 1514 2458 in
1536 2421 1818 2470 predicacione

510 2477 682 2522 assidua,
716 2477 757 2514 in
790 2478 1039 2526 paupertatis
1072 2479 1298 2527 penitencia
1330 2489 1367 2516 et
1400 2479 1589 2516 oracione
1613 2479 1816 2517 continua.

510 2536 582 2571 Per
615 2536 686 2572 hec
720 2535 825 2573 enim
861 2538 976 2573 docet
999 2537 1215 2585 Apostolus
1239 2537 1305 2574 ubi
1340 2550 1459 2586 supra
1482 2539 1596 2586 lupos
1620 2537 1817 2574 subintra-

579 2706 618 2732 ιδ.
641 2704 735 2733 Cod.:
751 2706 988 2740 prodeuntibus.
1062 2714 1106 2733 20.
1130 2706 1224 2734 Cod.:
1244 2706 1407 2740 vellerum;
1425 2706 1455 2734 iu
1477 2714 1590 2741 marg:
1612 2706 1771 2734 viscerum.

577 2798 610 2828 4.
637 2788 704 2829 Op.
731 2789 816 2830 Imp.
842 2799 919 2831 pag.
948 2789 1062 2821 XCIV.
1153 2789 1204 2821 ιδ’.
1231 2789 1273 2820 Et
1298 2799 1387 2831 quae
1413 2795 1586 2831 secuntur,
1615 2789 1817 2831 deprompta

510 2842 589 2866 sunt
615 2844 652 2866 ex
679 2834 775 2866 hom.
801 2835 860 2866 XX
887 2835 1004 2867 Matth.
1034 2836 1101 2877 Op.
1129 2836 1213 2877 Imp.
1241 2845 1317 2877 pag.
1347 2835 1464 2866 XCIV.

1851 405 1933 441 203b

1835 874 1872 895 10

1836 1155 1872 1187 15

1835 2032 1877 2053 20

1836 2310 1874 2341 35
