2050 3292
212 218 293 265 48‘4

925 223 983 255 DE
1011 222 1147 254 clan
1174 221 1382 254 noMrNto.
1576 207 1686 263 [CAP.
1707 217 1805 247 xxn.

209 339 368 369 Thatlaw
389 338 483 367 needs
498 330 557 367 vel
590 329 646 367 sic
678 330 747 367 fiat
777 328 860 377 regi
891 327 952 366 vel
997 341 1120 377 regno
1164 335 1255 364 ante
1287 326 1496 364 licenciam
1530 338 1804 374 recompensa.

214 382 301 401 more
324 376 471 410 vigorous

237 411 457 437 enforcement.

258 1033 309 1060 All
329 1032 434 1068 things

258 1068 368 1094 should
391 1068 426 1094 be

219 1102 350 1130 ordered
372 1102 469 1129 under

222 1137 272 1164 the
292 1136 452 1164 condition

253 1171 288 1198 of
304 1171 434 1199 Christ's

269 1207 417 1242 approval

208 1947 268 1974 and
297 1947 324 1974 if
339 1955 385 1974 we
406 1947 481 1975 have

231 1982 296 2009 that
313 1990 359 2009 we
381 1983 455 2009 need

256 2021 309 2043 not
328 2024 384 2044 run
405 2022 435 2044 to

224 2051 320 2079 Rome
339 2052 387 2078 for
407 2052 457 2079 the

283 2086 403 2120 Pope’s.

499 390 583 433 Que
615 389 675 425 lex
706 388 737 424 si
768 388 871 424 foret
902 385 1093 423 radicitus
1126 385 1270 423 rimata
1304 394 1341 422 et
1357 385 1487 422 debite
1521 393 1695 433 executa,
1725 397 1806 420 non

498 446 597 482 foret
629 454 740 482 tanta
774 444 1083 481 monstruositas
1116 443 1351 480 diviciarum
1384 442 1662 491 religiosorum
1687 453 1807 490 super

497 512 656 540 nostros
688 503 886 540 seculares
919 501 1121 546 dominos;
1165 503 1235 538 sed
1268 501 1355 549 ipsa
1387 500 1595 549 supposita
1633 500 1735 536 foret
1766 499 1805 535 in

498 561 606 598 brevi
637 561 817 609 legaliter
850 560 1056 597 dissoluta.
1094 561 1208 596 Patet
1240 567 1323 595 tam
1358 560 1405 595 de
1439 560 1616 606 dampno
1647 566 1805 605 tempo-

498 619 572 655 rali
605 632 724 667 quam
759 617 970 667 spirituali,
1004 618 1112 666 quod
1146 615 1347 653 infinitum
1382 616 1533 653 excedit
1566 615 1702 652 omnia
1734 628 1806 651 nu-

498 680 684 713 mismata
717 689 793 725 que
825 688 891 712 rex
922 676 983 712 vel
1015 688 1180 723 regnum
1215 674 1361 722 accipit
1392 687 1465 722 pro
1499 686 1727 721 compensa.
1765 673 1805 709 Si

497 734 616 782 igitur
638 742 797 783 oportet
821 736 946 770 Deum
972 732 1012 769 in
1041 732 1221 770 omnium
1256 731 1477 769 donacione
1509 731 1806 778 subintelligere

498 791 777 829 condicionem
824 790 884 841 (ut
916 799 1026 839 patet
1057 803 1128 839 per
1161 790 1369 826 dominum
1404 790 1731 826 Ardmachanum
1765 788 1805 824 in

497 852 554 886 De
588 849 875 896 Questionibus
907 849 1191 885 Armeniorum
1224 848 1326 884 libro
1355 849 1416 894 IV,
1452 847 1628 895 capitulo
1651 848 1736 882 XIV
1769 855 1805 882 et

497 907 595 945 alias
628 908 769 944 diffuse
802 906 994 956 exposui),
1030 907 1156 943 multo
1180 905 1305 954 magis
1327 906 1403 942 hoc
1427 905 1501 941 erit
1523 905 1563 941 in
1584 903 1806 941 donacione

497 965 707 1002 cuiuslibet
740 973 935 1003 creature.

554 1024 668 1060 Unde
712 1023 888 1071 capitulo
920 1023 1009 1059 XVI
1042 1021 1159 1058 huius
1187 1023 1220 1057 V
1253 1020 1417 1069 exposui
1461 1021 1668 1069 quomodo
1702 1032 1807 1068 papa

495 1080 534 1117 in
567 1081 742 1130 qualibet
790 1079 1052 1118 ordinacione
1096 1092 1165 1116 sua
1198 1078 1455 1126 subintelligit
1495 1078 1569 1115 nisi
1603 1077 1807 1125 contingat

495 1139 704 1176 ecclesiam
729 1141 950 1176 Romanam
976 1138 1092 1174 aliter
1124 1137 1324 1188 ordinare,
1358 1136 1413 1172 ita
1446 1137 1553 1184 quod
1586 1137 1803 1172 secundum

495 1197 595 1243 iura,
629 1197 730 1234 sicut
760 1197 801 1233 in
822 1205 914 1233 voto
946 1204 984 1234 et
1016 1195 1282 1244 promissione
1306 1206 1560 1244 quacumque
1584 1193 1806 1230 claustralis

496 1255 683 1292 monachi
714 1255 776 1292 vel
812 1254 944 1291 uxoris
976 1253 1310 1301 subintelligenda
1350 1261 1406 1289 est
1439 1252 1684 1301 approbacio
1717 1264 1805 1300 pre-

496 1313 616 1362 positi
647 1313 708 1350 vel
752 1313 905 1359 mariti3
950 1311 1006 1348 sic
1050 1311 1190 1348 dicunt
1234 1312 1341 1360 quod
1382 1310 1422 1346 in
1454 1310 1564 1347 omni
1598 1318 1805 1347 contractu

494 1383 666 1420 persone
703 1370 869 1408 ecclesie
901 1369 1235 1417 subintelligenda
1268 1378 1325 1406 est
1357 1368 1562 1405 condicio:
1602 1368 1675 1404 nisi
1699 1380 1804 1417 papa

495 1429 611 1466 aliter
653 1429 845 1478 dispenset
887 1428 947 1464 vel
989 1428 1154 1478 abroget
1196 1427 1441 1473 ordinatum,
1487 1435 1638 1474 quanto
1679 1425 1803 1473 magis

497 1499 589 1535 ergo
634 1486 968 1534 subintelligenda
1016 1494 1072 1522 est
1122 1484 1305 1522 condicio
1346 1481 1349 1538 Ι
1391 1483 1700 1533 approbacionis
1744 1484 1802 1520 vel

496 1545 797 1582 retractacionis
820 1543 973 1580 domini
1001 1545 1091 1580 Jesu
1116 1543 1276 1593 Christi,
1309 1542 1377 1591 qui
1409 1555 1456 1579 eo
1488 1542 1574 1590 ipso
1607 1543 1805 1590 approbat

495 1604 642 1640 factum
690 1615 769 1651 quo
814 1610 873 1639 est
915 1600 1160 1638 racionabile
1206 1609 1243 1637 et
1283 1602 1471 1649 reprobat
1504 1613 1585 1648 quo
1618 1608 1675 1636 est
1706 1598 1805 1635 irra-

497 1660 706 1707 cionabile,
754 1662 1033 1708 dispensatque
1064 1668 1108 1695 ut
1140 1658 1381 1695 rectiflcetur
1411 1667 1448 1694 et
1477 1657 1695 1694 auctorisat
1720 1657 1805 1693 fieri

496 1718 536 1755 in
559 1718 758 1755 iusticiam
791 1719 917 1765 legem
951 1717 1060 1766 prius
1092 1725 1306 1765 antequam
1340 1729 1445 1765 papa
1477 1716 1690 1764 dispenset,
1715 1728 1803 1752 cum

494 1777 546 1813 sit
590 1776 904 1825 dispensacionis
948 1775 1078 1812 divine
1130 1774 1367 1811 solicitando
1420 1774 1710 1823 promulgator.
1765 1773 1805 1809 Si

496 1834 617 1883 igitur
649 1834 698 1871 sit
727 1833 972 1871 racionabile
995 1842 1038 1869 ut
1060 1834 1289 1870 retrahatur
1315 1831 1534 1869 elemosina
1556 1831 1658 1880 regis
1680 1831 1805 1868 nostri

496 1892 537 1929 in
582 1892 680 1929 alios
724 1892 812 1941 pios
855 1904 963 1938 usus,
1007 1904 1089 1928 non
1133 1899 1293 1939 oportet
1337 1903 1497 1927 currere
1542 1892 1707 1926 Romam
1755 1890 1804 1925 ad

496 1952 722 1987 habendum
757 1962 993 1986 consensum
1027 1948 1087 1985 sui
1120 1947 1331 1997 pontificis,
1366 1961 1455 1984 cum
1496 1960 1676 1984 summus
1708 1960 1805 1995 pon-

496 2009 589 2045 tifex
633 2009 750 2056 longe
796 2007 958 2044 maioris
991 2007 1238 2044 auctoritatis
1272 2006 1366 2043 assit
1397 2005 1512 2043 nobis
1547 2005 1645 2041 illud
1678 2005 1805 2053 preci-

497 2066 623 2115 piens,
668 2066 730 2103 cui
775 2067 993 2102 secundum
1028 2067 1175 2101 Bedam
1222 2073 1381 2112 oportet
1425 2063 1597 2111 amplius
1630 2063 1804 2109 obedire,

498 2137 547 2161 ne
578 2133 713 2161 tamen
745 2123 843 2159 illud
876 2124 962 2170 fiat,
996 2122 1209 2159 indiscrete
1241 2123 1522 2170 congreganda
1555 2129 1612 2158 est
1634 2122 1806 2169 synodus

498 2182 736 2219 auctoritate
769 2182 885 2229 regis,
918 2190 962 2217 ut
994 2182 1109 2217 docet
1141 2182 1279 2217 beatus
1313 2179 1540 2227 Gregorius,
1574 2179 1675 2215 sicut
1697 2187 1806 2226 patet

498 2239 537 2276 in
570 2239 703 2288 primo
737 2239 925 2287 capitulo.
958 2241 1149 2275 Notemus
1179 2239 1298 2286 igitur
1321 2239 1448 2286 legem
1472 2239 1574 2273 XVII
1598 2236 1806 2285 questione

497 2297 640 2335 ultima
679 2298 911 2346 Quicunque,
944 2296 983 2333 in
1016 2296 1214 2344 principio
1247 2295 1363 2332 huius
1397 2295 1560 2343 capituli
1594 2295 1804 2342 allegatam

497 2364 535 2392 et
578 2368 790 2404 pensemus
833 2355 865 2391 si
910 2367 954 2391 ex
998 2357 1159 2391 decreto
1203 2353 1445 2391 sanctissimi
1490 2362 1527 2389 et
1559 2351 1805 2389 subtilissimi

496 2413 706 2461 Augustini
767 2421 927 2449 sanctus
994 2412 1178 2449 Aurelius
1239 2411 1536 2459 Cartaginensis
1594 2409 1806 2458 episcopus

495 2484 575 2507 non
621 2471 759 2508 habuit
803 2471 888 2507 iure
934 2470 1067 2507 divino
1112 2478 1351 2518 potestatem
1387 2468 1579 2505 reddendi
1613 2468 1803 2504 collatum

497 2528 663 2566 ecclesie
708 2537 874 2577 propter
917 2528 1185 2576 indigenciam
1233 2528 1429 2574 filiorum3
1475 2535 1511 2563 et
1544 2538 1587 2562 ex
1619 2534 1804 2574 porrecto

1823 562 1839 593 5

1826 860 1865 881 10

1844 1023 1874 1054 ἲν

1826 1142 1862 1173 15

1822 1441 1863 1462 20

1848 1487 1925 1532 196d

1822 1720 1861 1752 25

1823 2010 1864 2042 30

1823 2299 1863 2331 35

496 2586 633 2624 animo
678 2587 899 2635 cogitemus
943 2599 1021 2635 qua
1050 2585 1138 2634 lege
1170 2598 1242 2622 nos
1275 2585 1407 2622 clerici
1440 2577 1647 2632 Anglicani
1693 2591 1864 2631 petu-4o

566 2742 609 2778 37.
632 2744 783 2771 Aurelius.
805 2742 900 2772 Cod.:
922 2743 1116 2778 Aurelegius.
1190 2742 1235 2771 38.
1256 2742 1352 2770 Cod.:
1373 2750 1434 2770 non
1455 2741 1614 2769 reddendi.

575 2837 622 2870 ¹9<
651 2828 758 2869 Supra
786 2838 862 2869 pag.
890 2827 966 2867 305.
1064 2827 1116 2860 35.
1144 2827 1286 2864 Quaest.
1313 2827 1367 2866 IV,
1395 2836 1466 2866 cap.
1494 2825 1610 2856 XLIII.
