<?xml version="1.0" encoding="UTF-8"?>
<!DOCTYPE html PUBLIC "-//W3C//DTD XHTML 1.0 Transitional//EN"
    "http://www.w3.org/TR/xhtml1/DTD/xhtml1-transitional.dtd">
<html xmlns="http://www.w3.org/1999/xhtml" xml:lang="en" lang="en">
 <head>
  <title>
</title>
<meta http-equiv="Content-Type" content="text/html;charset=utf-8" />
  <meta name='ocr-system' content='tesseract 3.04.00' />
  <meta name='ocr-capabilities' content='ocr_page ocr_carea ocr_par ocr_line ocrx_word'/>
</head>
<body>
  <div class='ocr_page' id='page_1' title='image "./decivilidominio04wycl_0124.png"; bbox 0 0 2050 3292; ppageno 0'>
   <div class='ocr_carea' id='block_1_1' title="bbox 220 239 301 276">
    <p class='ocr_par' dir='ltr' id='par_1_1' title="bbox 220 239 301 276">
     <span class='ocr_line' id='line_1_1' title="bbox 220 239 301 276; baseline -0.012 0"><span class='ocrx_word' id='word_1_1' title='bbox 220 239 301 276; x_wconf 81' lang='lat'><strong>474</strong></span> 
     </span>
    </p>
   </div>
   <div class='ocr_carea' id='block_1_2' title="bbox 222 975 492 1245">
    <p class='ocr_par' dir='ltr' id='par_1_2' title="bbox 222 975 492 1245">
     <span class='ocr_line' id='line_1_2' title="bbox 249 975 475 1009; baseline 0 -7"><span class='ocrx_word' id='word_1_2' title='bbox 249 976 277 1002; x_wconf 91' lang='lat' dir='ltr'>A</span> <span class='ocrx_word' id='word_1_3' title='bbox 297 976 381 1009; x_wconf 70' lang='lat' dir='ltr'><strong>gives</strong></span> <span class='ocrx_word' id='word_1_4' title='bbox 403 975 475 1009; x_wconf 69' lang='lat' dir='ltr'><strong>has}</strong></span> 
     </span>
     <span class='ocr_line' id='line_1_3' title="bbox 263 1010 450 1044; baseline -0.005 -7"><span class='ocrx_word' id='word_1_5' title='bbox 263 1015 316 1037; x_wconf 90' lang='lat' dir='ltr'><strong>not</strong></span> <span class='ocrx_word' id='word_1_6' title='bbox 336 1010 450 1044; x_wconf 79' lang='lat' dir='ltr'>always</span> 
     </span>
     <span class='ocr_line' id='line_1_4' title="bbox 253 1045 449 1071; baseline 0 0"><span class='ocrx_word' id='word_1_7' title='bbox 253 1052 339 1071; x_wconf 86' lang='lat' dir='ltr'><strong>more</strong></span> <span class='ocrx_word' id='word_1_8' title='bbox 360 1045 449 1071; x_wconf 86' lang='lat' dir='ltr'><strong>merit</strong></span> 
     </span>
     <span class='ocr_line' id='line_1_5' title="bbox 222 1079 492 1113; baseline 0 -7"><span class='ocrx_word' id='word_1_9' title='bbox 222 1079 291 1106; x_wconf 67' lang='lat' dir='ltr'><strong>{han</strong></span> <span class='ocrx_word' id='word_1_10' title='bbox 313 1088 328 1106; x_wconf 88' lang='lat' dir='ltr'><strong>a</strong></span> <span class='ocrx_word' id='word_1_11' title='bbox 350 1080 492 1113; x_wconf 55' lang='lat' dir='ltr'><strong>receiven</strong></span> 
     </span>
     <span class='ocr_line' id='line_1_6' title="bbox 254 1114 457 1141; baseline -0.005 0"><span class='ocrx_word' id='word_1_12' title='bbox 254 1122 310 1141; x_wconf 83' lang='lat' dir='ltr'><strong>nor</strong></span> <span class='ocrx_word' id='word_1_13' title='bbox 331 1114 385 1141; x_wconf 88' lang='lat' dir='ltr'><strong>has</strong></span> <span class='ocrx_word' id='word_1_14' title='bbox 408 1114 457 1140; x_wconf 85' lang='lat' dir='ltr'><strong>the</strong></span> 
     </span>
     <span class='ocr_line' id='line_1_7' title="bbox 252 1149 458 1183; baseline 0 -8"><span class='ocrx_word' id='word_1_15' title='bbox 252 1153 382 1183; x_wconf 73' lang='lat' dir='ltr'>greatest</span> <span class='ocrx_word' id='word_1_16' title='bbox 404 1149 458 1183; x_wconf 83' lang='lat' dir='ltr'><strong>gift</strong></span> 
     </span>
     <span class='ocr_line' id='line_1_8' title="bbox 264 1184 446 1219; baseline 0.005 -10"><span class='ocrx_word' id='word_1_17' title='bbox 264 1184 377 1219; x_wconf 79' lang='lat' dir='ltr'>always</span> <span class='ocrx_word' id='word_1_18' title='bbox 397 1184 446 1210; x_wconf 82' lang='lat' dir='ltr'><strong>the</strong></span> 
     </span>
     <span class='ocr_line' id='line_1_9' title="bbox 254 1218 456 1245; baseline 0 0"><span class='ocrx_word' id='word_1_19' title='bbox 254 1223 334 1245; x_wconf 83' lang='lat' dir='ltr'><strong>most</strong></span> <span class='ocrx_word' id='word_1_20' title='bbox 355 1218 456 1245; x_wconf 83' lang='lat' dir='ltr'><strong>merit.</strong></span> 
     </span>
    </p>
   </div>
   <div class='ocr_carea' id='block_1_3' title="bbox 934 225 1817 282">
    <p class='ocr_par' dir='ltr' id='par_1_3' title="bbox 934 225 1817 282">
     <span class='ocr_line' id='line_1_10' title="bbox 934 225 1817 282; baseline -0.002 -14"><span class='ocrx_word' id='word_1_21' title='bbox 934 235 993 268; x_wconf 79' lang='lat' dir='ltr'><strong>DE</strong></span> <span class='ocrx_word' id='word_1_22' title='bbox 1022 236 1155 268; x_wconf 72' lang='lat' dir='ltr'><strong>cmm</strong></span> <span class='ocrx_word' id='word_1_23' title='bbox 1184 237 1394 269; x_wconf 57' lang='lat' dir='ltr'><strong>Domino.</strong></span> <span class='ocrx_word' id='word_1_24' title='bbox 1597 225 1700 282; x_wconf 66' lang='lat' dir='ltr'>[CAP.</span> <span class='ocrx_word' id='word_1_25' title='bbox 1724 234 1817 262; x_wconf 77' lang='lat' dir='ltr'><strong>xxn.</strong></span> 
     </span>
    </p>
   </div>
   <div class='ocr_carea' id='block_1_4' title="bbox 501 342 1930 2705">
    <p class='ocr_par' dir='ltr' id='par_1_4' title="bbox 505 342 1816 449">
     <span class='ocr_line' id='line_1_11' title="bbox 506 342 1816 392; baseline 0.002 -13"><span class='ocrx_word' id='word_1_26' title='bbox 506 345 574 380; x_wconf 91' lang='lat' dir='ltr'><strong>sed</strong></span> <span class='ocrx_word' id='word_1_27' title='bbox 618 342 842 391; x_wconf 83' lang='lat' dir='ltr'>capitaliter</span> <span class='ocrx_word' id='word_1_28' title='bbox 888 343 1131 390; x_wconf 89' lang='lat' dir='ltr'><strong>preconisati</strong></span> <span class='ocrx_word' id='word_1_29' title='bbox 1176 352 1219 380; x_wconf 90' lang='lat' dir='ltr'><strong>ut</strong></span> <span class='ocrx_word' id='word_1_30' title='bbox 1257 343 1490 392; x_wconf 86' lang='lat' dir='ltr'><strong>principalis</strong></span> <span class='ocrx_word' id='word_1_31' title='bbox 1522 343 1816 381; x_wconf 89' lang='lat' dir='ltr'><strong>nominacionis</strong></span> 
     </span>
     <span class='ocr_line' id='line_1_12' title="bbox 505 401 1169 449; baseline -0.002 -12"><span class='ocrx_word' id='word_1_32' title='bbox 505 401 736 449; x_wconf 88' lang='lat' dir='ltr'><strong>frequencia</strong></span> <span class='ocrx_word' id='word_1_33' title='bbox 767 401 916 437; x_wconf 82' lang='lat' dir='ltr'><strong>famam</strong></span> <span class='ocrx_word' id='word_1_34' title='bbox 951 401 1169 438; x_wconf 86' lang='lat' dir='ltr'><strong>continuet.</strong></span> 
     </span>
    </p>

    <p class='ocr_par' dir='ltr' id='par_1_5' title="bbox 505 459 1875 969">
     <span class='ocr_line' id='line_1_13' title="bbox 564 459 1817 508; baseline 0.002 -13"><span class='ocrx_word' id='word_1_35' title='bbox 564 460 611 495; x_wconf 87' lang='lat' dir='ltr'><strong>Et</strong></span> <span class='ocrx_word' id='word_1_36' title='bbox 650 459 742 496; x_wconf 89' lang='lat' dir='ltr'><strong>hinc</strong></span> <span class='ocrx_word' id='word_1_37' title='bbox 782 460 901 495; x_wconf 88' lang='lat' dir='ltr'><strong>credo</strong></span> <span class='ocrx_word' id='word_1_38' title='bbox 941 459 1044 495; x_wconf 89' lang='lat' dir='ltr'><strong>inter</strong></span> <span class='ocrx_word' id='word_1_39' title='bbox 1083 459 1180 496; x_wconf 87' lang='lat' dir='ltr'><strong>alias</strong></span> <span class='ocrx_word' id='word_1_40' title='bbox 1221 472 1361 496; x_wconf 81' lang='lat' dir='ltr'><strong>causas</strong></span> <span class='ocrx_word' id='word_1_41' title='bbox 1402 461 1509 508; x_wconf 90' lang='lat' dir='ltr'><strong>quod</strong></span> <span class='ocrx_word' id='word_1_42' title='bbox 1555 459 1817 497; x_wconf 87' lang='lat' dir='ltr'><strong>fundaciones</strong></span> 
     </span>
     <span class='ocr_line' id='line_1_14' title="bbox 507 516 1817 565; baseline 0.001 -12"><span class='ocrx_word' id='word_1_43' title='bbox 507 518 724 553; x_wconf 86' lang='lat' dir='ltr'><strong>multorum</strong></span> <span class='ocrx_word' id='word_1_44' title='bbox 759 516 998 553; x_wconf 83' lang='lat' dir='ltr'>secularium</span> <span class='ocrx_word' id='word_1_45' title='bbox 1033 516 1137 553; x_wconf 88' lang='lat' dir='ltr'><strong>iusto</strong></span> <span class='ocrx_word' id='word_1_46' title='bbox 1171 517 1246 553; x_wconf 89' lang='lat' dir='ltr'><strong>Dei</strong></span> <span class='ocrx_word' id='word_1_47' title='bbox 1279 517 1427 554; x_wconf 86' lang='lat' dir='ltr'><strong>iudicio</strong></span> <span class='ocrx_word' id='word_1_48' title='bbox 1467 517 1720 565; x_wconf 82' lang='lat' dir='ltr'>dissipantur,</span> <span class='ocrx_word' id='word_1_49' title='bbox 1760 518 1817 554; x_wconf 92' lang='lat' dir='ltr'><strong>di—</strong></span> 
     </span>
     <span class='ocr_line' id='line_1_15' title="bbox 507 574 1849 624; baseline 0.001 -14"><span class='ocrx_word' id='word_1_50' title='bbox 507 584 621 611; x_wconf 87' lang='lat' dir='ltr'><strong>cente</strong></span> <span class='ocrx_word' id='word_1_51' title='bbox 656 574 814 611; x_wconf 89' lang='lat' dir='ltr'><strong>Christo</strong></span> <span class='ocrx_word' id='word_1_52' title='bbox 847 575 969 611; x_wconf 88' lang='lat' dir='ltr'><strong>Math.</strong></span> <span class='ocrx_word' id='word_1_53' title='bbox 993 576 1055 624; x_wconf 79' lang='lat' dir='ltr'><strong>VI,</strong></span> <span class='ocrx_word' id='word_1_54' title='bbox 1090 586 1127 624; x_wconf 80' lang='lat'><strong>3,</strong></span> <span class='ocrx_word' id='word_1_55' title='bbox 1158 587 1201 623; x_wconf 87' lang='lat'><strong>4:</strong></span> <span class='ocrx_word' id='word_1_56' title='bbox 1243 575 1293 611; x_wconf 84' lang='lat' dir='ltr'><strong>Te</strong></span> <span class='ocrx_word' id='word_1_57' title='bbox 1324 583 1448 611; x_wconf 81' lang='lat' dir='ltr'><strong>autem</strong></span> <span class='ocrx_word' id='word_1_58' title='bbox 1472 575 1647 624; x_wconf 81' lang='lat' dir='ltr'><strong>faciente</strong></span> <span class='ocrx_word' id='word_1_59' title='bbox 1678 576 1849 612; x_wconf 63' lang='lat' dir='ltr'><strong>demo-5</strong></span> 
     </span>
     <span class='ocr_line' id='line_1_16' title="bbox 505 632 1818 683; baseline 0.001 -15"><span class='ocrx_word' id='word_1_60' title='bbox 505 633 642 678; x_wconf 76' lang='lat' dir='ltr'><strong>sinam,</strong></span> <span class='ocrx_word' id='word_1_61' title='bbox 688 645 733 669; x_wconf 86' lang='lat' dir='ltr'><strong>ne</strong></span> <span class='ocrx_word' id='word_1_62' title='bbox 775 632 872 669; x_wconf 73' lang='lat' dir='ltr'><strong>sciat</strong></span> <span class='ocrx_word' id='word_1_63' title='bbox 901 632 1059 668; x_wconf 78' lang='lat' dir='ltr'><strong>sinistra</strong></span> <span class='ocrx_word' id='word_1_64' title='bbox 1104 641 1167 669; x_wconf 84' lang='lat' dir='ltr'><strong>tua</strong></span> <span class='ocrx_word' id='word_1_65' title='bbox 1201 633 1291 681; x_wconf 79' lang='lat' dir='ltr'><strong>quid</strong></span> <span class='ocrx_word' id='word_1_66' title='bbox 1313 634 1445 681; x_wconf 83' lang='lat' dir='ltr'><strong>faciat</strong></span> <span class='ocrx_word' id='word_1_67' title='bbox 1477 634 1618 669; x_wconf 78' lang='lat' dir='ltr'><strong>dextra</strong></span> <span class='ocrx_word' id='word_1_68' title='bbox 1658 641 1734 683; x_wconf 73' lang='lat' dir='ltr'><strong>tua,</strong></span> <span class='ocrx_word' id='word_1_69' title='bbox 1779 641 1818 669; x_wconf 89' lang='lat' dir='ltr'><strong>ut</strong></span> 
     </span>
     <span class='ocr_line' id='line_1_17' title="bbox 505 690 1818 740; baseline 0.002 -15"><span class='ocrx_word' id='word_1_70' title='bbox 505 691 553 726; x_wconf 79' lang='lat' dir='ltr'><strong>sit</strong></span> <span class='ocrx_word' id='word_1_71' title='bbox 596 690 802 726; x_wconf 81' lang='lat' dir='ltr'><strong>elemosina</strong></span> <span class='ocrx_word' id='word_1_72' title='bbox 846 698 911 725; x_wconf 83' lang='lat' dir='ltr'><strong>tua</strong></span> <span class='ocrx_word' id='word_1_73' title='bbox 956 690 992 726; x_wconf 86' lang='lat' dir='ltr'><strong>in</strong></span> <span class='ocrx_word' id='word_1_74' title='bbox 1036 691 1256 727; x_wconf 76' lang='lat' dir='ltr'><strong>abscondito</strong></span> <span class='ocrx_word' id='word_1_75' title='bbox 1289 698 1324 727; x_wconf 86' lang='lat' dir='ltr'><strong>et</strong></span> <span class='ocrx_word' id='word_1_76' title='bbox 1350 698 1468 740; x_wconf 81' lang='lat' dir='ltr'><strong>pater</strong></span> <span class='ocrx_word' id='word_1_77' title='bbox 1505 698 1592 727; x_wconf 80' lang='lat' dir='ltr'><strong>tuus</strong></span> <span class='ocrx_word' id='word_1_78' title='bbox 1623 691 1688 740; x_wconf 83' lang='lat' dir='ltr'><strong>qui</strong></span> <span class='ocrx_word' id='word_1_79' title='bbox 1718 691 1818 728; x_wconf 82' lang='lat' dir='ltr'><strong>videt</strong></span> 
     </span>
     <span class='ocr_line' id='line_1_18' title="bbox 505 748 1817 796; baseline 0.001 -12"><span class='ocrx_word' id='word_1_80' title='bbox 505 761 587 784; x_wconf 81' lang='lat' dir='ltr'><strong>eam</strong></span> <span class='ocrx_word' id='word_1_81' title='bbox 621 748 656 784; x_wconf 85' lang='lat' dir='ltr'><strong>in</strong></span> <span class='ocrx_word' id='word_1_82' title='bbox 689 748 911 784; x_wconf 75' lang='lat' dir='ltr'><strong>abscondito</strong></span> <span class='ocrx_word' id='word_1_83' title='bbox 945 749 1081 784; x_wconf 79' lang='lat' dir='ltr'><strong>reddet</strong></span> <span class='ocrx_word' id='word_1_84' title='bbox 1113 749 1190 791; x_wconf 84' lang='lat' dir='ltr'><strong>tibi,</strong></span> <span class='ocrx_word' id='word_1_85' title='bbox 1223 748 1262 784; x_wconf 91' lang='lat' dir='ltr'><strong>id</strong></span> <span class='ocrx_word' id='word_1_86' title='bbox 1296 757 1367 796; x_wconf 78' lang='lat' dir='ltr'><strong>est⁷</strong></span> <span class='ocrx_word' id='word_1_87' title='bbox 1404 762 1487 785; x_wconf 88' lang='lat' dir='ltr'><strong>non</strong></span> <span class='ocrx_word' id='word_1_88' title='bbox 1519 761 1558 785; x_wconf 90' lang='lat' dir='ltr'><strong>se</strong></span> <span class='ocrx_word' id='word_1_89' title='bbox 1591 748 1817 786; x_wconf 84' lang='lat' dir='ltr'><strong>immisceat</strong></span> 
     </span>
     <span class='ocr_line' id='line_1_19' title="bbox 506 805 1817 855; baseline 0.002 -14"><span class='ocrx_word' id='word_1_90' title='bbox 506 806 683 842; x_wconf 81' lang='lat' dir='ltr'><strong>intencio</strong></span> <span class='ocrx_word' id='word_1_91' title='bbox 716 818 816 842; x_wconf 88' lang='lat' dir='ltr'><strong>vane</strong></span> <span class='ocrx_word' id='word_1_92' title='bbox 848 805 977 842; x_wconf 83' lang='lat' dir='ltr'><strong>laudis</strong></span> <span class='ocrx_word' id='word_1_93' title='bbox 1011 818 1101 842; x_wconf 87' lang='lat' dir='ltr'><strong>cum</strong></span> <span class='ocrx_word' id='word_1_94' title='bbox 1136 818 1257 855; x_wconf 89' lang='lat' dir='ltr'><strong>opere</strong></span> <span class='ocrx_word' id='word_1_95' title='bbox 1289 808 1395 843; x_wconf 90' lang='lat' dir='ltr'><strong>bono</strong></span> <span class='ocrx_word' id='word_1_96' title='bbox 1429 808 1476 843; x_wconf 90' lang='lat' dir='ltr'><strong>de</strong></span> <span class='ocrx_word' id='word_1_97' title='bbox 1509 818 1667 854; x_wconf 82' lang='lat' dir='ltr'><strong>genere,</strong></span> <span class='ocrx_word' id='word_1_98' title='bbox 1702 807 1817 843; x_wconf 88' lang='lat' dir='ltr'><strong>aliter</strong></span> 
     </span>
     <span class='ocr_line' id='line_1_20' title="bbox 508 863 1875 913; baseline 0.001 -14"><span class='ocrx_word' id='word_1_99' title='bbox 508 863 611 900; x_wconf 92' lang='lat' dir='ltr'><strong>enim</strong></span> <span class='ocrx_word' id='word_1_100' title='bbox 658 864 797 900; x_wconf 88' lang='lat' dir='ltr'><strong>oculus</strong></span> <span class='ocrx_word' id='word_1_101' title='bbox 841 872 932 900; x_wconf 89' lang='lat' dir='ltr'><strong>tuus</strong></span> <span class='ocrx_word' id='word_1_102' title='bbox 975 876 1055 900; x_wconf 90' lang='lat' dir='ltr'><strong>non</strong></span> <span class='ocrx_word' id='word_1_103' title='bbox 1088 873 1145 900; x_wconf 89' lang='lat' dir='ltr'><strong>est</strong></span> <span class='ocrx_word' id='word_1_104' title='bbox 1177 864 1343 912; x_wconf 86' lang='lat' dir='ltr'><strong>simplex</strong></span> <span class='ocrx_word' id='word_1_105' title='bbox 1375 866 1444 901; x_wconf 88' lang='lat' dir='ltr'><strong>sed</strong></span> <span class='ocrx_word' id='word_1_106' title='bbox 1481 876 1654 913; x_wconf 83' lang='lat' dir='ltr'><strong>nequam</strong></span> <span class='ocrx_word' id='word_1_107' title='bbox 1687 873 1814 901; x_wconf 89' lang='lat' dir='ltr'><strong>totum</strong></span> <span class='ocrx_word' id='word_1_108' title='bbox 1836 878 1875 901; x_wconf 90' lang='lat'><strong>10</strong></span> 
     </span>
     <span class='ocr_line' id='line_1_21' title="bbox 509 921 1274 969; baseline 0 -12"><span class='ocrx_word' id='word_1_109' title='bbox 509 934 653 969; x_wconf 89' lang='lat' dir='ltr'><strong>corpus</strong></span> <span class='ocrx_word' id='word_1_110' title='bbox 687 934 852 969; x_wconf 89' lang='lat' dir='ltr'><strong>operum</strong></span> <span class='ocrx_word' id='word_1_111' title='bbox 886 931 1046 958; x_wconf 88' lang='lat' dir='ltr'><strong>tuorum</strong></span> <span class='ocrx_word' id='word_1_112' title='bbox 1080 921 1274 959; x_wconf 84' lang='lat' dir='ltr'><strong>inficiens.</strong></span> 
     </span>
    </p>

    <p class='ocr_par' dir='ltr' id='par_1_6' title="bbox 507 979 1918 1201">
     <span class='ocr_line' id='line_1_22' title="bbox 566 979 1817 1029; baseline 0.001 -14"><span class='ocrx_word' id='word_1_113' title='bbox 566 981 743 1025; x_wconf 80' lang='lat' dir='ltr'><strong>Quartus</strong></span> <span class='ocrx_word' id='word_1_114' title='bbox 777 992 889 1015; x_wconf 86' lang='lat' dir='ltr'><strong>error</strong></span> <span class='ocrx_word' id='word_1_115' title='bbox 922 981 1028 1027; x_wconf 89' lang='lat' dir='ltr'><strong>quod</strong></span> <span class='ocrx_word' id='word_1_116' title='bbox 1063 980 1237 1016; x_wconf 84' lang='lat' dir='ltr'><strong>creditur</strong></span> <span class='ocrx_word' id='word_1_117' title='bbox 1270 992 1316 1016; x_wconf 91' lang='lat' dir='ltr'><strong>eo</strong></span> <span class='ocrx_word' id='word_1_118' title='bbox 1350 980 1436 1028; x_wconf 92' lang='lat' dir='ltr'><strong>ipso</strong></span> <span class='ocrx_word' id='word_1_119' title='bbox 1469 993 1548 1029; x_wconf 91' lang='lat' dir='ltr'><strong>quo</strong></span> <span class='ocrx_word' id='word_1_120' title='bbox 1578 979 1667 1028; x_wconf 90' lang='lat' dir='ltr'><strong>quis</strong></span> <span class='ocrx_word' id='word_1_121' title='bbox 1701 979 1817 1016; x_wconf 87' lang='lat' dir='ltr'><strong>mini·</strong></span> 
     </span>
     <span class='ocr_line' id='line_1_23' title="bbox 507 1038 1814 1086; baseline 0.001 -13"><span class='ocrx_word' id='word_1_122' title='bbox 507 1046 604 1074; x_wconf 88' lang='lat' dir='ltr'><strong>strat</strong></span> <span class='ocrx_word' id='word_1_123' title='bbox 636 1049 758 1085; x_wconf 87' lang='lat' dir='ltr'><strong>egeno</strong></span> <span class='ocrx_word' id='word_1_124' title='bbox 792 1038 896 1074; x_wconf 86' lang='lat' dir='ltr'><strong>bona</strong></span> <span class='ocrx_word' id='word_1_125' title='bbox 937 1038 1094 1074; x_wconf 86' lang='lat' dir='ltr'><strong>fortune</strong></span> <span class='ocrx_word' id='word_1_126' title='bbox 1127 1038 1167 1074; x_wconf 91' lang='lat' dir='ltr'><strong>in</strong></span> <span class='ocrx_word' id='word_1_127' title='bbox 1200 1038 1334 1086; x_wconf 81' lang='lat' dir='ltr'><strong>gracia</strong></span> <span class='ocrx_word' id='word_1_128' title='bbox 1366 1038 1454 1086; x_wconf 89' lang='lat' dir='ltr'><strong>plus</strong></span> <span class='ocrx_word' id='word_1_129' title='bbox 1488 1047 1663 1074; x_wconf 79' lang='lat' dir='ltr'><strong>meretur</strong></span> <span class='ocrx_word' id='word_1_130' title='bbox 1697 1051 1814 1086; x_wconf 82' lang='lat' dir='ltr'><strong>quam</strong></span> 
     </span>
     <span class='ocr_line' id='line_1_24' title="bbox 507 1092 1918 1148; baseline 0.001 -18"><span class='ocrx_word' id='word_1_131' title='bbox 507 1094 594 1143; x_wconf 90' lang='lat' dir='ltr'><strong>ipsa</strong></span> <span class='ocrx_word' id='word_1_132' title='bbox 626 1095 839 1144; x_wconf 82' lang='lat' dir='ltr'><strong>accipiens,</strong></span> <span class='ocrx_word' id='word_1_133' title='bbox 874 1108 1122 1144; x_wconf 88' lang='lat' dir='ltr'><strong>consequens</strong></span> <span class='ocrx_word' id='word_1_134' title='bbox 1154 1095 1385 1144; x_wconf 87' lang='lat' dir='ltr'><strong>inpossibile</strong></span> <span class='ocrx_word' id='word_1_135' title='bbox 1401 1108 1443 1132; x_wconf 87' lang='lat' dir='ltr'><strong>ex</strong></span> <span class='ocrx_word' id='word_1_136' title='bbox 1477 1095 1591 1132; x_wconf 90' lang='lat' dir='ltr'><strong>dictis</strong></span> <span class='ocrx_word' id='word_1_137' title='bbox 1619 1092 1625 1148; x_wconf 79' lang='grc' dir='ltr'>Ι</span> <span class='ocrx_word' id='word_1_138' title='bbox 1653 1097 1720 1132; x_wconf 88' lang='lat' dir='ltr'><strong>XV</strong></span> <span class='ocrx_word' id='word_1_139' title='bbox 1753 1108 1815 1132; x_wconf 85' lang='lat' dir='ltr'><strong>ca·</strong></span> <span class='ocrx_word' id='word_1_140' title='bbox 1859 1111 1918 1144; x_wconf 81' lang='lat'><strong>192</strong></span> 
     </span>
     <span class='ocr_line' id='line_1_25' title="bbox 509 1153 1872 1201; baseline 0.001 -13"><span class='ocrx_word' id='word_1_141' title='bbox 509 1153 635 1200; x_wconf 87' lang='lat' dir='ltr'><strong>pitulo</strong></span> <span class='ocrx_word' id='word_1_142' title='bbox 669 1154 716 1189; x_wconf 88' lang='lat' dir='ltr'><strong>de</strong></span> <span class='ocrx_word' id='word_1_143' title='bbox 750 1153 920 1190; x_wconf 84' lang='lat' dir='ltr'><strong>dacione</strong></span> <span class='ocrx_word' id='word_1_144' title='bbox 953 1153 1088 1190; x_wconf 87' lang='lat' dir='ltr'><strong>celesti</strong></span> <span class='ocrx_word' id='word_1_145' title='bbox 1122 1153 1348 1201; x_wconf 85' lang='lat' dir='ltr'><strong>evangelica</strong></span> <span class='ocrx_word' id='word_1_146' title='bbox 1381 1163 1418 1190; x_wconf 91' lang='lat' dir='ltr'><strong>et</strong></span> <span class='ocrx_word' id='word_1_147' title='bbox 1451 1153 1567 1192; x_wconf 88' lang='lat' dir='ltr'><strong>civili.</strong></span> <span class='ocrx_word' id='word_1_148' title='bbox 1836 1158 1872 1190; x_wconf 84' lang='lat'><strong>15</strong></span> 
     </span>
    </p>

    <p class='ocr_par' dir='ltr' id='par_1_7' title="bbox 501 1210 1872 2475">
     <span class='ocr_line' id='line_1_26' title="bbox 566 1210 1815 1259; baseline 0.001 -13"><span class='ocrx_word' id='word_1_149' title='bbox 566 1210 738 1256; x_wconf 88' lang='lat' dir='ltr'><strong>Quintus</strong></span> <span class='ocrx_word' id='word_1_150' title='bbox 783 1223 893 1247; x_wconf 90' lang='lat' dir='ltr'><strong>error</strong></span> <span class='ocrx_word' id='word_1_151' title='bbox 927 1220 983 1247; x_wconf 88' lang='lat' dir='ltr'><strong>est</strong></span> <span class='ocrx_word' id='word_1_152' title='bbox 1022 1212 1129 1259; x_wconf 85' lang='lat' dir='ltr'><strong>quod</strong></span> <span class='ocrx_word' id='word_1_153' title='bbox 1169 1211 1300 1248; x_wconf 91' lang='lat' dir='ltr'><strong>omnis</strong></span> <span class='ocrx_word' id='word_1_154' title='bbox 1334 1212 1567 1259; x_wconf 81' lang='lat' dir='ltr'><strong>magnitudo</strong></span> <span class='ocrx_word' id='word_1_155' title='bbox 1602 1210 1815 1248; x_wconf 86' lang='lat' dir='ltr'><strong>ministrati</strong></span> 
     </span>
     <span class='ocr_line' id='line_1_27' title="bbox 508 1268 1815 1317; baseline 0.002 -14"><span class='ocrx_word' id='word_1_156' title='bbox 508 1276 544 1304; x_wconf 88' lang='lat' dir='ltr'><strong>et</strong></span> <span class='ocrx_word' id='word_1_157' title='bbox 575 1268 705 1304; x_wconf 89' lang='lat' dir='ltr'><strong>meriti</strong></span> <span class='ocrx_word' id='word_1_158' title='bbox 739 1270 1070 1317; x_wconf 87' lang='lat' dir='ltr'><strong>correspondent;</strong></span> <span class='ocrx_word' id='word_1_159' title='bbox 1104 1278 1181 1306; x_wconf 90' lang='lat' dir='ltr'><strong>stat</strong></span> <span class='ocrx_word' id='word_1_160' title='bbox 1214 1269 1318 1305; x_wconf 86' lang='lat' dir='ltr'><strong>enim</strong></span> <span class='ocrx_word' id='word_1_161' title='bbox 1354 1269 1557 1306; x_wconf 88' lang='lat' dir='ltr'><strong>hominem</strong></span> <span class='ocrx_word' id='word_1_162' title='bbox 1588 1269 1815 1306; x_wconf 88' lang='lat' dir='ltr'><strong>ministrare</strong></span> 
     </span>
     <span class='ocr_line' id='line_1_28' title="bbox 507 1326 1813 1376; baseline 0 -14"><span class='ocrx_word' id='word_1_163' title='bbox 507 1327 611 1362; x_wconf 90' lang='lat' dir='ltr'><strong>bona</strong></span> <span class='ocrx_word' id='word_1_164' title='bbox 644 1326 715 1362; x_wconf 88' lang='lat' dir='ltr'><strong>Dei</strong></span> <span class='ocrx_word' id='word_1_165' title='bbox 759 1326 982 1374; x_wconf 85' lang='lat' dir='ltr'><strong>improvide</strong></span> <span class='ocrx_word' id='word_1_166' title='bbox 1027 1336 1065 1363; x_wconf 86' lang='lat' dir='ltr'><strong>et</strong></span> <span class='ocrx_word' id='word_1_167' title='bbox 1111 1326 1250 1363; x_wconf 83' lang='lat' dir='ltr'><strong>exhinc</strong></span> <span class='ocrx_word' id='word_1_168' title='bbox 1289 1327 1432 1363; x_wconf 88' lang='lat' dir='ltr'><strong>mereri</strong></span> <span class='ocrx_word' id='word_1_169' title='bbox 1478 1327 1813 1376; x_wconf 86' lang='lat' dir='ltr'><strong>dampnacionem</strong></span> 
     </span>
     <span class='ocr_line' id='line_1_29' title="bbox 506 1376 1815 1432; baseline 0.001 -12"><span class='ocrx_word' id='word_1_170' title='bbox 506 1393 761 1432; x_wconf 87' lang='lat' dir='ltr'><strong>perpetuam;</strong></span> <span class='ocrx_word' id='word_1_171' title='bbox 808 1393 885 1420; x_wconf 88' lang='lat' dir='ltr'><strong>stat</strong></span> <span class='ocrx_word' id='word_1_172' title='bbox 929 1376 1055 1420; x_wconf 78' lang='lat' dir='ltr'><strong>eciam</strong></span> <span class='ocrx_word' id='word_1_173' title='bbox 1101 1386 1273 1421; x_wconf 87' lang='lat' dir='ltr'><strong>duorum</strong></span> <span class='ocrx_word' id='word_1_174' title='bbox 1317 1385 1576 1422; x_wconf 86' lang='lat' dir='ltr'><strong>existencium</strong></span> <span class='ocrx_word' id='word_1_175' title='bbox 1610 1385 1650 1421; x_wconf 89' lang='lat' dir='ltr'><strong>in</strong></span> <span class='ocrx_word' id='word_1_176' title='bbox 1682 1384 1815 1432; x_wconf 81' lang='lat' dir='ltr'><strong>gracia</strong></span> 
     </span>
     <span class='ocr_line' id='line_1_30' title="bbox 506 1442 1872 1491; baseline 0 -14"><span class='ocrx_word' id='word_1_177' title='bbox 506 1455 629 1477; x_wconf 89' lang='lat' dir='ltr'><strong>unum</strong></span> <span class='ocrx_word' id='word_1_178' title='bbox 674 1442 714 1478; x_wconf 90' lang='lat' dir='ltr'><strong>in</strong></span> <span class='ocrx_word' id='word_1_179' title='bbox 759 1454 1013 1490; x_wconf 87' lang='lat' dir='ltr'><strong>quacumque</strong></span> <span class='ocrx_word' id='word_1_180' title='bbox 1057 1442 1323 1491; x_wconf 89' lang='lat' dir='ltr'><strong>proporcione</strong></span> <span class='ocrx_word' id='word_1_181' title='bbox 1366 1443 1539 1480; x_wconf 89' lang='lat' dir='ltr'><strong>volueris</strong></span> <span class='ocrx_word' id='word_1_182' title='bbox 1577 1444 1665 1491; x_wconf 89' lang='lat' dir='ltr'><strong>plus</strong></span> <span class='ocrx_word' id='word_1_183' title='bbox 1698 1442 1813 1478; x_wconf 90' lang='lat' dir='ltr'><strong>mini-</strong></span> <span class='ocrx_word' id='word_1_184' title='bbox 1831 1456 1872 1477; x_wconf 86' lang='lat'><strong>20</strong></span> 
     </span>
     <span class='ocr_line' id='line_1_31' title="bbox 506 1500 1814 1549; baseline 0.002 -14"><span class='ocrx_word' id='word_1_185' title='bbox 506 1509 632 1536; x_wconf 88' lang='lat' dir='ltr'><strong>strare</strong></span> <span class='ocrx_word' id='word_1_186' title='bbox 664 1512 784 1547; x_wconf 88' lang='lat' dir='ltr'><strong>quam</strong></span> <span class='ocrx_word' id='word_1_187' title='bbox 820 1500 1017 1548; x_wconf 88' lang='lat' dir='ltr'><strong>reliquum</strong></span> <span class='ocrx_word' id='word_1_188' title='bbox 1043 1513 1132 1537; x_wconf 88' lang='lat' dir='ltr'><strong>cum</strong></span> <span class='ocrx_word' id='word_1_189' title='bbox 1167 1502 1242 1537; x_wconf 93' lang='lat' dir='ltr'><strong>hoc</strong></span> <span class='ocrx_word' id='word_1_190' title='bbox 1265 1502 1373 1549; x_wconf 92' lang='lat' dir='ltr'><strong>quod</strong></span> <span class='ocrx_word' id='word_1_191' title='bbox 1396 1501 1555 1549; x_wconf 90' lang='lat' dir='ltr'><strong>parcius</strong></span> <span class='ocrx_word' id='word_1_192' title='bbox 1579 1500 1814 1537; x_wconf 82' lang='lat' dir='ltr'><strong>ministrans</strong></span> 
     </span>
     <span class='ocr_line' id='line_1_32' title="bbox 505 1557 1815 1606; baseline 0.001 -13"><span class='ocrx_word' id='word_1_193' title='bbox 505 1557 544 1593; x_wconf 88' lang='lat' dir='ltr'><strong>in</strong></span> <span class='ocrx_word' id='word_1_194' title='bbox 578 1570 817 1606; x_wconf 86' lang='lat' dir='ltr'><strong>quacunque</strong></span> <span class='ocrx_word' id='word_1_195' title='bbox 850 1558 1118 1606; x_wconf 88' lang='lat' dir='ltr'><strong>proporcione</strong></span> <span class='ocrx_word' id='word_1_196' title='bbox 1150 1558 1321 1595; x_wconf 88' lang='lat' dir='ltr'><strong>volueris</strong></span> <span class='ocrx_word' id='word_1_197' title='bbox 1353 1559 1440 1606; x_wconf 87' lang='lat' dir='ltr'><strong>plus</strong></span> <span class='ocrx_word' id='word_1_198' title='bbox 1475 1567 1661 1596; x_wconf 83' lang='lat' dir='ltr'><strong>meretur.</strong></span> <span class='ocrx_word' id='word_1_199' title='bbox 1701 1559 1815 1595; x_wconf 88' lang='lat' dir='ltr'><strong>Patet</strong></span> 
     </span>
     <span class='ocr_line' id='line_1_33' title="bbox 506 1616 1813 1665; baseline 0.002 -15"><span class='ocrx_word' id='word_1_200' title='bbox 506 1627 549 1650; x_wconf 86' lang='lat' dir='ltr'><strong>ex</strong></span> <span class='ocrx_word' id='word_1_201' title='bbox 593 1616 680 1662; x_wconf 75' lang='lat' dir='ltr'><strong>hoc,</strong></span> <span class='ocrx_word' id='word_1_202' title='bbox 727 1617 835 1664; x_wconf 87' lang='lat' dir='ltr'><strong>quod</strong></span> <span class='ocrx_word' id='word_1_203' title='bbox 880 1624 1240 1665; x_wconf 87' lang='lat' dir='ltr'><strong>quantumcunque</strong></span> <span class='ocrx_word' id='word_1_204' title='bbox 1285 1629 1449 1664; x_wconf 87' lang='lat' dir='ltr'><strong>parvum</strong></span> <span class='ocrx_word' id='word_1_205' title='bbox 1498 1616 1614 1653; x_wconf 89' lang='lat' dir='ltr'><strong>fuerit</strong></span> <span class='ocrx_word' id='word_1_206' title='bbox 1648 1617 1813 1659; x_wconf 81' lang='lat' dir='ltr'><strong>donum,</strong></span> 
     </span>
     <span class='ocr_line' id='line_1_34' title="bbox 504 1673 1813 1723; baseline 0.001 -15"><span class='ocrx_word' id='word_1_207' title='bbox 504 1674 650 1720; x_wconf 89' lang='lat' dir='ltr'><strong>gradus</strong></span> <span class='ocrx_word' id='word_1_208' title='bbox 696 1673 828 1709; x_wconf 88' lang='lat' dir='ltr'><strong>meriti</strong></span> <span class='ocrx_word' id='word_1_209' title='bbox 873 1674 1170 1710; x_wconf 87' lang='lat' dir='ltr'><strong>mensurabitur</strong></span> <span class='ocrx_word' id='word_1_210' title='bbox 1214 1687 1333 1723; x_wconf 91' lang='lat' dir='ltr'><strong>penes</strong></span> <span class='ocrx_word' id='word_1_211' title='bbox 1372 1675 1541 1722; x_wconf 89' lang='lat' dir='ltr'><strong>gradum</strong></span> <span class='ocrx_word' id='word_1_212' title='bbox 1574 1673 1813 1711; x_wconf 86' lang='lat' dir='ltr'><strong>intencionis</strong></span> 
     </span>
     <span class='ocr_line' id='line_1_35' title="bbox 504 1730 1869 1780; baseline 0.001 -13"><span class='ocrx_word' id='word_1_213' title='bbox 504 1730 651 1767; x_wconf 85' lang='lat' dir='ltr'><strong>fervide</strong></span> <span class='ocrx_word' id='word_1_214' title='bbox 684 1731 879 1779; x_wconf 86' lang='lat' dir='ltr'><strong>caritatis;</strong></span> <span class='ocrx_word' id='word_1_215' title='bbox 918 1741 1027 1780; x_wconf 89' lang='lat' dir='ltr'><strong>patet</strong></span> <span class='ocrx_word' id='word_1_216' title='bbox 1059 1731 1190 1780; x_wconf 86' lang='lat' dir='ltr'><strong>primo</strong></span> <span class='ocrx_word' id='word_1_217' title='bbox 1222 1745 1265 1768; x_wconf 84' lang='lat' dir='ltr'><strong>ex</strong></span> <span class='ocrx_word' id='word_1_218' title='bbox 1299 1733 1373 1768; x_wconf 91' lang='lat' dir='ltr'><strong>hoc</strong></span> <span class='ocrx_word' id='word_1_219' title='bbox 1406 1734 1512 1780; x_wconf 88' lang='lat' dir='ltr'><strong>quod</strong></span> <span class='ocrx_word' id='word_1_220' title='bbox 1547 1731 1811 1768; x_wconf 88' lang='lat' dir='ltr'><strong>ministerium</strong></span> <span class='ocrx_word' id='word_1_221' title='bbox 1830 1736 1869 1768; x_wconf 74' lang='lat'><strong>25</strong></span> 
     </span>
     <span class='ocr_line' id='line_1_36' title="bbox 504 1789 1813 1839; baseline 0.002 -15"><span class='ocrx_word' id='word_1_222' title='bbox 504 1790 699 1825; x_wconf 88' lang='lat' dir='ltr'><strong>bonorum</strong></span> <span class='ocrx_word' id='word_1_223' title='bbox 735 1792 819 1826; x_wconf 92' lang='lat' dir='ltr'><strong>Deo</strong></span> <span class='ocrx_word' id='word_1_224' title='bbox 862 1789 963 1826; x_wconf 89' lang='lat' dir='ltr'><strong>sicut</strong></span> <span class='ocrx_word' id='word_1_225' title='bbox 1006 1791 1275 1839; x_wconf 88' lang='lat' dir='ltr'><strong>quodcunque</strong></span> <span class='ocrx_word' id='word_1_226' title='bbox 1318 1803 1418 1838; x_wconf 89' lang='lat' dir='ltr'><strong>opus</strong></span> <span class='ocrx_word' id='word_1_227' title='bbox 1457 1790 1720 1826; x_wconf 87' lang='lat' dir='ltr'><strong>extrinsecum</strong></span> <span class='ocrx_word' id='word_1_228' title='bbox 1756 1798 1813 1826; x_wconf 89' lang='lat' dir='ltr'><strong>est</strong></span> 
     </span>
     <span class='ocr_line' id='line_1_37' title="bbox 502 1846 1812 1897; baseline 0.001 -15"><span class='ocrx_word' id='word_1_229' title='bbox 502 1846 751 1895; x_wconf 88' lang='lat' dir='ltr'><strong>inpertinens</strong></span> <span class='ocrx_word' id='word_1_230' title='bbox 796 1847 952 1896; x_wconf 66' lang='lat' dir='ltr'><strong>merito,</strong></span> <span class='ocrx_word' id='word_1_231' title='bbox 997 1847 1072 1884; x_wconf 90' lang='lat' dir='ltr'><strong>nisi</strong></span> <span class='ocrx_word' id='word_1_232' title='bbox 1118 1849 1165 1884; x_wconf 91' lang='lat' dir='ltr'><strong>de</strong></span> <span class='ocrx_word' id='word_1_233' title='bbox 1210 1857 1360 1896; x_wconf 86' lang='lat' dir='ltr'><strong>quanto</strong></span> <span class='ocrx_word' id='word_1_234' title='bbox 1406 1847 1571 1884; x_wconf 86' lang='lat' dir='ltr'><strong>caritate</strong></span> <span class='ocrx_word' id='word_1_235' title='bbox 1630 1847 1812 1897; x_wconf 85' lang='lat' dir='ltr'><strong>potencie</strong></span> 
     </span>
     <span class='ocr_line' id='line_1_38' title="bbox 501 1905 1813 1954; baseline 0.001 -14"><span class='ocrx_word' id='word_1_236' title='bbox 501 1905 675 1941; x_wconf 87' lang='lat' dir='ltr'><strong>volutive</strong></span> <span class='ocrx_word' id='word_1_237' title='bbox 708 1905 929 1953; x_wconf 87' lang='lat' dir='ltr'><strong>respicitur.</strong></span> <span class='ocrx_word' id='word_1_238' title='bbox 978 1907 1078 1943; x_wconf 90' lang='lat' dir='ltr'><strong>Cum</strong></span> <span class='ocrx_word' id='word_1_239' title='bbox 1112 1905 1232 1954; x_wconf 87' lang='lat' dir='ltr'><strong>igitur</strong></span> <span class='ocrx_word' id='word_1_240' title='bbox 1264 1906 1409 1943; x_wconf 88' lang='lat' dir='ltr'><strong>caritas</strong></span> <span class='ocrx_word' id='word_1_241' title='bbox 1443 1905 1630 1942; x_wconf 89' lang='lat' dir='ltr'><strong>merentis</strong></span> <span class='ocrx_word' id='word_1_242' title='bbox 1662 1905 1711 1942; x_wconf 91' lang='lat' dir='ltr'><strong>sit</strong></span> <span class='ocrx_word' id='word_1_243' title='bbox 1741 1917 1813 1953; x_wconf 89' lang='lat' dir='ltr'><strong>per</strong></span> 
     </span>
     <span class='ocr_line' id='line_1_39' title="bbox 503 1963 1813 2012; baseline 0.001 -14"><span class='ocrx_word' id='word_1_244' title='bbox 503 1975 542 1998; x_wconf 91' lang='lat' dir='ltr'><strong>se</strong></span> <span class='ocrx_word' id='word_1_245' title='bbox 582 1975 700 1999; x_wconf 87' lang='lat' dir='ltr'><strong>causa</strong></span> <span class='ocrx_word' id='word_1_246' title='bbox 734 1963 864 1999; x_wconf 89' lang='lat' dir='ltr'><strong>meriti</strong></span> <span class='ocrx_word' id='word_1_247' title='bbox 898 1975 975 2011; x_wconf 88' lang='lat' dir='ltr'><strong>que</strong></span> <span class='ocrx_word' id='word_1_248' title='bbox 1007 1972 1138 2011; x_wconf 87' lang='lat' dir='ltr'><strong>potest</strong></span> <span class='ocrx_word' id='word_1_249' title='bbox 1178 1976 1260 2000; x_wconf 87' lang='lat' dir='ltr'><strong>esse</strong></span> <span class='ocrx_word' id='word_1_250' title='bbox 1292 1963 1587 2012; x_wconf 88' lang='lat' dir='ltr'><strong>quantumlibet</strong></span> <span class='ocrx_word' id='word_1_251' title='bbox 1620 1963 1813 2000; x_wconf 88' lang='lat' dir='ltr'><strong>intensior</strong></span> 
     </span>
     <span class='ocr_line' id='line_1_40' title="bbox 504 2020 1870 2070; baseline 0 -14"><span class='ocrx_word' id='word_1_252' title='bbox 504 2020 543 2056; x_wconf 94' lang='lat' dir='ltr'><strong>in</strong></span> <span class='ocrx_word' id='word_1_253' title='bbox 576 2020 735 2068; x_wconf 89' lang='lat' dir='ltr'><strong>parcius</strong></span> <span class='ocrx_word' id='word_1_254' title='bbox 769 2022 1010 2064; x_wconf 86' lang='lat' dir='ltr'><strong>conferente,</strong></span> <span class='ocrx_word' id='word_1_255' title='bbox 1045 2030 1152 2069; x_wconf 85' lang='lat' dir='ltr'><strong>patet</strong></span> <span class='ocrx_word' id='word_1_256' title='bbox 1182 2021 1407 2067; x_wconf 85' lang='lat' dir='ltr'><strong>conclusio;</strong></span> <span class='ocrx_word' id='word_1_257' title='bbox 1441 2021 1543 2059; x_wconf 86' lang='lat' dir='ltr'><strong>sicut</strong></span> <span class='ocrx_word' id='word_1_258' title='bbox 1567 2034 1660 2069; x_wconf 88' lang='lat' dir='ltr'><strong>ergo</strong></span> <span class='ocrx_word' id='word_1_259' title='bbox 1684 2029 1812 2070; x_wconf 90' lang='lat' dir='ltr'><strong>potest</strong></span> <span class='ocrx_word' id='word_1_260' title='bbox 1828 2024 1870 2057; x_wconf 86' lang='lat'><strong>30</strong></span> 
     </span>
     <span class='ocr_line' id='line_1_41' title="bbox 504 2078 1812 2127; baseline 0.002 -14"><span class='ocrx_word' id='word_1_261' title='bbox 504 2078 588 2114; x_wconf 85' lang='lat' dir='ltr'><strong>fieri</strong></span> <span class='ocrx_word' id='word_1_262' title='bbox 621 2080 769 2114; x_wconf 89' lang='lat' dir='ltr'><strong>bonum</strong></span> <span class='ocrx_word' id='word_1_263' title='bbox 811 2078 1066 2115; x_wconf 85' lang='lat' dir='ltr'><strong>demeritorie</strong></span> <span class='ocrx_word' id='word_1_264' title='bbox 1100 2079 1225 2116; x_wconf 87' lang='lat' dir='ltr'><strong>eciam</strong></span> <span class='ocrx_word' id='word_1_265' title='bbox 1260 2080 1310 2116; x_wconf 89' lang='lat' dir='ltr'><strong>ad</strong></span> <span class='ocrx_word' id='word_1_266' title='bbox 1348 2089 1583 2127; x_wconf 85' lang='lat' dir='ltr'><strong>perpetuam</strong></span> <span class='ocrx_word' id='word_1_267' title='bbox 1618 2080 1812 2127; x_wconf 88' lang='lat' dir='ltr'><strong>dampna-</strong></span> 
     </span>
     <span class='ocr_line' id='line_1_42' title="bbox 504 2135 1808 2185; baseline 0 -13"><span class='ocrx_word' id='word_1_268' title='bbox 504 2135 660 2173; x_wconf 90' lang='lat' dir='ltr'><strong>cionem</strong></span> <span class='ocrx_word' id='word_1_269' title='bbox 705 2136 899 2180; x_wconf 89' lang='lat' dir='ltr'><strong>facientis‚</strong></span> <span class='ocrx_word' id='word_1_270' title='bbox 944 2136 1000 2173; x_wconf 89' lang='lat' dir='ltr'><strong>sic</strong></span> <span class='ocrx_word' id='word_1_271' title='bbox 1044 2146 1175 2185; x_wconf 88' lang='lat' dir='ltr'><strong>potest</strong></span> <span class='ocrx_word' id='word_1_272' title='bbox 1220 2138 1368 2174; x_wconf 89' lang='lat' dir='ltr'><strong>malum</strong></span> <span class='ocrx_word' id='word_1_273' title='bbox 1405 2137 1488 2174; x_wconf 89' lang='lat' dir='ltr'><strong>fieri</strong></span> <span class='ocrx_word' id='word_1_274' title='bbox 1523 2137 1727 2174; x_wconf 83' lang='lat' dir='ltr'><strong>meritorie</strong></span> <span class='ocrx_word' id='word_1_275' title='bbox 1761 2138 1808 2173; x_wconf 86' lang='lat' dir='ltr'><strong>ad</strong></span> 
     </span>
     <span class='ocr_line' id='line_1_43' title="bbox 502 2194 1811 2244; baseline 0.001 -14"><span class='ocrx_word' id='word_1_276' title='bbox 502 2194 700 2241; x_wconf 86' lang='lat' dir='ltr'><strong>premium</strong></span> <span class='ocrx_word' id='word_1_277' title='bbox 735 2203 973 2243; x_wconf 90' lang='lat' dir='ltr'><strong>perpetuum</strong></span> <span class='ocrx_word' id='word_1_278' title='bbox 1006 2195 1222 2243; x_wconf 86' lang='lat' dir='ltr'><strong>operantis,</strong></span> <span class='ocrx_word' id='word_1_279' title='bbox 1254 2204 1297 2232; x_wconf 87' lang='lat' dir='ltr'><strong>ut</strong></span> <span class='ocrx_word' id='word_1_280' title='bbox 1329 2204 1460 2244; x_wconf 87' lang='lat' dir='ltr'><strong>potest</strong></span> <span class='ocrx_word' id='word_1_281' title='bbox 1493 2195 1724 2243; x_wconf 81' lang='lat' dir='ltr'><strong>contingere</strong></span> <span class='ocrx_word' id='word_1_282' title='bbox 1756 2195 1811 2231; x_wconf 87' lang='lat' dir='ltr'><strong>fa-</strong></span> 
     </span>
     <span class='ocr_line' id='line_1_44' title="bbox 505 2251 1810 2301; baseline 0.001 -14"><span class='ocrx_word' id='word_1_283' title='bbox 505 2251 700 2288; x_wconf 86' lang='lat' dir='ltr'><strong>cientibus</strong></span> <span class='ocrx_word' id='word_1_284' title='bbox 733 2252 993 2289; x_wconf 88' lang='lat' dir='ltr'><strong>elemosinam</strong></span> <span class='ocrx_word' id='word_1_285' title='bbox 1028 2266 1101 2300; x_wconf 90' lang='lat' dir='ltr'><strong>pro</strong></span> <span class='ocrx_word' id='word_1_286' title='bbox 1123 2266 1224 2290; x_wconf 86' lang='lat' dir='ltr'><strong>vana</strong></span> <span class='ocrx_word' id='word_1_287' title='bbox 1247 2253 1373 2301; x_wconf 89' lang='lat' dir='ltr'><strong>gloria</strong></span> <span class='ocrx_word' id='word_1_288' title='bbox 1397 2262 1434 2290; x_wconf 86' lang='lat' dir='ltr'><strong>et</strong></span> <span class='ocrx_word' id='word_1_289' title='bbox 1458 2252 1810 2301; x_wconf 85' lang='lat' dir='ltr'><strong>appropriantibus</strong></span> 
     </span>
     <span class='ocr_line' id='line_1_45' title="bbox 503 2309 1867 2358; baseline 0 -13"><span class='ocrx_word' id='word_1_290' title='bbox 503 2309 743 2357; x_wconf 88' lang='lat' dir='ltr'><strong>temporalia</strong></span> <span class='ocrx_word' id='word_1_291' title='bbox 766 2310 992 2347; x_wconf 89' lang='lat' dir='ltr'><strong>intencione</strong></span> <span class='ocrx_word' id='word_1_292' title='bbox 1015 2310 1186 2358; x_wconf 88' lang='lat' dir='ltr'><strong>simplici</strong></span> <span class='ocrx_word' id='word_1_293' title='bbox 1210 2311 1374 2347; x_wconf 85' lang='lat' dir='ltr'><strong>honoris</strong></span> <span class='ocrx_word' id='word_1_294' title='bbox 1404 2311 1525 2348; x_wconf 88' lang='lat' dir='ltr'><strong>divini</strong></span> <span class='ocrx_word' id='word_1_295' title='bbox 1559 2320 1595 2347; x_wconf 89' lang='lat' dir='ltr'><strong>et</strong></span> <span class='ocrx_word' id='word_1_296' title='bbox 1627 2310 1810 2347; x_wconf 87' lang='lat' dir='ltr'><strong>utilitatis</strong></span> <span class='ocrx_word' id='word_1_297' title='bbox 1829 2313 1867 2345; x_wconf 72' lang='lat'><strong>33</strong></span> 
     </span>
     <span class='ocr_line' id='line_1_46' title="bbox 504 2367 1810 2416; baseline 0.001 -13"><span class='ocrx_word' id='word_1_298' title='bbox 504 2367 688 2413; x_wconf 88' lang='lat' dir='ltr'><strong>ecclesie;</strong></span> <span class='ocrx_word' id='word_1_299' title='bbox 734 2367 827 2404; x_wconf 90' lang='lat' dir='ltr'><strong>dum</strong></span> <span class='ocrx_word' id='word_1_300' title='bbox 873 2377 1008 2405; x_wconf 88' lang='lat' dir='ltr'><strong>tamen</strong></span> <span class='ocrx_word' id='word_1_301' title='bbox 1054 2368 1287 2416; x_wconf 88' lang='lat' dir='ltr'><strong>ignorancia</strong></span> <span class='ocrx_word' id='word_1_302' title='bbox 1320 2368 1441 2405; x_wconf 89' lang='lat' dir='ltr'><strong>divini</strong></span> <span class='ocrx_word' id='word_1_303' title='bbox 1475 2367 1688 2405; x_wconf 88' lang='lat' dir='ltr'><strong>excusabili</strong></span> <span class='ocrx_word' id='word_1_304' title='bbox 1721 2367 1810 2404; x_wconf 85' lang='lat' dir='ltr'><strong>talis</strong></span> 
     </span>
     <span class='ocr_line' id='line_1_47' title="bbox 503 2425 1520 2475; baseline 0.002 -14"><span class='ocrx_word' id='word_1_305' title='bbox 503 2425 787 2473; x_wconf 87' lang='lat' dir='ltr'><strong>appropriacio</strong></span> <span class='ocrx_word' id='word_1_306' title='bbox 820 2427 935 2462; x_wconf 84' lang='lat' dir='ltr'><strong>cedat</strong></span> <span class='ocrx_word' id='word_1_307' title='bbox 967 2427 1017 2462; x_wconf 87' lang='lat' dir='ltr'><strong>ad</strong></span> <span class='ocrx_word' id='word_1_308' title='bbox 1050 2428 1269 2475; x_wconf 87' lang='lat' dir='ltr'><strong>dampnum</strong></span> <span class='ocrx_word' id='word_1_309' title='bbox 1302 2426 1520 2474; x_wconf 89' lang='lat' dir='ltr'><strong>publicum.</strong></span> 
     </span>
    </p>

    <p class='ocr_par' dir='ltr' id='par_1_8' title="bbox 503 2481 1930 2705">
     <span class='ocr_line' id='line_1_48' title="bbox 561 2481 1930 2535; baseline 0.001 -16"><span class='ocrx_word' id='word_1_310' title='bbox 561 2484 746 2520; x_wconf 85' lang='lat' dir='ltr'><strong>Secundo</strong></span> <span class='ocrx_word' id='word_1_311' title='bbox 770 2492 879 2532; x_wconf 87' lang='lat' dir='ltr'><strong>patet</strong></span> <span class='ocrx_word' id='word_1_312' title='bbox 911 2483 1016 2520; x_wconf 90' lang='lat' dir='ltr'><strong>idem</strong></span> <span class='ocrx_word' id='word_1_313' title='bbox 1047 2481 1050 2535; x_wconf 76' lang='grc' dir='ltr'>Ι</span> <span class='ocrx_word' id='word_1_314' title='bbox 1080 2484 1119 2520; x_wconf 91' lang='lat' dir='ltr'><strong>in</strong></span> <span class='ocrx_word' id='word_1_315' title='bbox 1142 2485 1322 2532; x_wconf 82' lang='lat' dir='ltr'><strong>exemplo</strong></span> <span class='ocrx_word' id='word_1_316' title='bbox 1340 2483 1547 2532; x_wconf 84' lang='lat' dir='ltr'><strong>palpabili.</strong></span> <span class='ocrx_word' id='word_1_317' title='bbox 1581 2485 1682 2520; x_wconf 88' lang='lat' dir='ltr'><strong>Nam</strong></span> <span class='ocrx_word' id='word_1_318' title='bbox 1718 2495 1810 2520; x_wconf 90' lang='lat' dir='ltr'><strong>con·</strong></span> <span class='ocrx_word' id='word_1_319' title='bbox 1855 2489 1930 2528; x_wconf 69' lang='lat' dir='ltr'><strong>192c</strong></span> 
     </span>
     <span class='ocr_line' id='line_1_49' title="bbox 503 2532 1872 2590; baseline 0.001 -14"><span class='ocrx_word' id='word_1_320' title='bbox 503 2539 591 2588; x_wconf 85' lang='lat' dir='ltr'><strong>tigit</strong></span> <span class='ocrx_word' id='word_1_321' title='bbox 638 2542 745 2589; x_wconf 92' lang='lat' dir='ltr'><strong>quod</strong></span> <span class='ocrx_word' id='word_1_322' title='bbox 790 2543 930 2578; x_wconf 87' lang='lat' dir='ltr'><strong>Petrus</strong></span> <span class='ocrx_word' id='word_1_323' title='bbox 974 2554 1108 2578; x_wconf 87' lang='lat' dir='ltr'><strong>servus</strong></span> <span class='ocrx_word' id='word_1_324' title='bbox 1159 2542 1311 2578; x_wconf 90' lang='lat' dir='ltr'><strong>domini</strong></span> <span class='ocrx_word' id='word_1_325' title='bbox 1363 2541 1598 2590; x_wconf 84' lang='lat' dir='ltr'><strong>temporalis</strong></span> <span class='ocrx_word' id='word_1_326' title='bbox 1644 2540 1694 2577; x_wconf 90' lang='lat' dir='ltr'><strong>sit</strong></span> <span class='ocrx_word' id='word_1_327' title='bbox 1736 2540 1810 2577; x_wconf 86' lang='lat' dir='ltr'><strong>sibi</strong></span> <span class='ocrx_word' id='word_1_328' title='bbox 1848 2532 1872 2563; x_wconf 74' lang='grc' dir='ltr'>Ρ</span> 
     </span>
     <span class='ocr_line' id='line_1_50' title="bbox 503 2597 1868 2647; baseline -0.001 -13"><span class='ocrx_word' id='word_1_329' title='bbox 503 2597 660 2645; x_wconf 88' lang='lat' dir='ltr'><strong>gracior</strong></span> <span class='ocrx_word' id='word_1_330' title='bbox 704 2611 748 2636; x_wconf 84' lang='lat' dir='ltr'><strong>ex</strong></span> <span class='ocrx_word' id='word_1_331' title='bbox 792 2598 1014 2636; x_wconf 89' lang='lat' dir='ltr'><strong>ministerio</strong></span> <span class='ocrx_word' id='word_1_332' title='bbox 1059 2599 1285 2636; x_wconf 91' lang='lat' dir='ltr'><strong>munusculi</strong></span> <span class='ocrx_word' id='word_1_333' title='bbox 1329 2599 1450 2647; x_wconf 82' lang='lat' dir='ltr'><strong>gratis</strong></span> <span class='ocrx_word' id='word_1_334' title='bbox 1496 2597 1712 2647; x_wconf 88' lang='lat' dir='ltr'><strong>dispensati</strong></span> <span class='ocrx_word' id='word_1_335' title='bbox 1759 2599 1868 2642; x_wconf 90' lang='lat' dir='ltr'><strong>ad4o</strong></span> 
     </span>
     <span class='ocr_line' id='line_1_51' title="bbox 503 2656 1810 2705; baseline 0 -13"><span class='ocrx_word' id='word_1_336' title='bbox 503 2657 698 2693; x_wconf 89' lang='lat' dir='ltr'><strong>honorem</strong></span> <span class='ocrx_word' id='word_1_337' title='bbox 723 2656 876 2693; x_wconf 90' lang='lat' dir='ltr'><strong>domini</strong></span> <span class='ocrx_word' id='word_1_338' title='bbox 899 2670 1019 2705; x_wconf 87' lang='lat' dir='ltr'><strong>quam</strong></span> <span class='ocrx_word' id='word_1_339' title='bbox 1043 2658 1189 2694; x_wconf 84' lang='lat' dir='ltr'><strong>Paulus</strong></span> <span class='ocrx_word' id='word_1_340' title='bbox 1213 2657 1441 2695; x_wconf 85' lang='lat' dir='ltr'><strong>ministrans</strong></span> <span class='ocrx_word' id='word_1_341' title='bbox 1466 2657 1698 2705; x_wconf 89' lang='lat' dir='ltr'><strong>centuplum</strong></span> <span class='ocrx_word' id='word_1_342' title='bbox 1729 2669 1810 2693; x_wconf 93' lang='lat' dir='ltr'><strong>non</strong></span> 
     </span>
    </p>
   </div>
   <div class='ocr_carea' id='block_1_5' title="bbox 503 2812 1808 2880">
    <p class='ocr_par' dir='ltr' id='par_1_9' title="bbox 503 2812 1808 2880">
     <span class='ocr_line' id='line_1_52' title="bbox 572 2812 1808 2849; baseline 0.001 -10"><span class='ocrx_word' id='word_1_343' title='bbox 572 2820 597 2839; x_wconf 88' lang='lat'><strong>2.</strong></span> <span class='ocrx_word' id='word_1_344' title='bbox 619 2812 714 2841; x_wconf 82' lang='lat' dir='ltr'><strong>Cod.:</strong></span> <span class='ocrx_word' id='word_1_345' title='bbox 736 2813 879 2840; x_wconf 80' lang='lat' dir='ltr'><strong>continet.</strong></span> <span class='ocrx_word' id='word_1_346' title='bbox 952 2812 994 2840; x_wconf 80' lang='lat'><strong>23.</strong></span> <span class='ocrx_word' id='word_1_347' title='bbox 1016 2814 1048 2840; x_wconf 86' lang='lat' dir='ltr'><strong>In</strong></span> <span class='ocrx_word' id='word_1_348' title='bbox 1069 2818 1166 2841; x_wconf 81' lang='lat' dir='ltr'><strong>textu:</strong></span> <span class='ocrx_word' id='word_1_349' title='bbox 1188 2821 1354 2849; x_wconf 79' lang='lat' dir='ltr'><strong>magnum;</strong></span> <span class='ocrx_word' id='word_1_350' title='bbox 1369 2821 1501 2848; x_wconf 78' lang='lat' dir='ltr'><strong>parvum</strong></span> <span class='ocrx_word' id='word_1_351' title='bbox 1514 2814 1544 2840; x_wconf 86' lang='lat' dir='ltr'><strong>in</strong></span> <span class='ocrx_word' id='word_1_352' title='bbox 1560 2821 1657 2849; x_wconf 83' lang='lat' dir='ltr'><strong>marg.</strong></span> <span class='ocrx_word' id='word_1_353' title='bbox 1673 2814 1710 2840; x_wconf 87' lang='lat' dir='ltr'><strong>al.</strong></span> <span class='ocrx_word' id='word_1_354' title='bbox 1727 2821 1808 2840; x_wconf 88' lang='lat' dir='ltr'><strong>man.</strong></span> 
     </span>
     <span class='ocr_line' id='line_1_53' title="bbox 503 2847 913 2880; baseline 0.002 -7"><span class='ocrx_word' id='word_1_355' title='bbox 503 2854 548 2880; x_wconf 82' lang='lat'><strong>24.</strong></span> <span class='ocrx_word' id='word_1_356' title='bbox 569 2847 663 2875; x_wconf 88' lang='lat' dir='ltr'><strong>Cod.:</strong></span> <span class='ocrx_word' id='word_1_357' title='bbox 686 2848 913 2875; x_wconf 76' lang='lat' dir='ltr'><strong>mensuraliler.</strong></span> 
     </span>
    </p>
   </div>
  </div>
 </body>
</html>
