2050 3292
211 228 292 276 566

251 1158 298 1185 No
320 1166 391 1186 man
412 1158 437 1185 is

208 1194 481 1230 totallyincapable

225 1263 458 1298 righteousness

221 1300 272 1325 but
293 1299 329 1325 all
351 1299 463 1326 inhesit

270 1341 285 1360 a
306 1333 415 1361 defect.

926 234 985 266 DE
1014 234 1148 266 cmm
1176 233 1387 266 DOMINIO.
1588 220 1695 276 [CAP.
1715 230 1810 258 xxv.

497 343 643 377 iustum
679 349 715 376 et
747 340 932 376 iniustum
972 348 1063 376 sunt
1096 341 1229 388 quoad
1264 348 1483 376 creaturam
1523 338 1809 375 racionabilem

497 398 729 435 immediate
763 397 976 444 contraria,
1010 406 1119 445 patet
1152 400 1259 446 quod
1294 410 1365 446 pro
1396 397 1526 445 primo
1550 410 1621 433 suo
1646 396 1811 433 instanti

498 469 659 494 necesse
692 464 749 492 est
782 457 951 492 alterum
985 457 1110 492 inesse
1142 457 1180 491 in
1214 457 1365 492 iusticia
1398 464 1467 491 aut
1500 468 1590 491 cum
1622 456 1707 502 ipso
1731 467 1811 491 non

498 523 629 563 potest
672 526 742 562 per
786 526 826 550 se
860 523 896 550 et
928 514 1157 550 immediate
1189 513 1316 549 inesse
1350 514 1463 560 adeo,
1516 526 1607 549 cum
1643 514 1690 549 sit
1723 525 1812 559 pec-

498 581 646 619 catum,
694 580 804 620 patet
848 573 956 619 quod
1001 573 1030 607 si
1074 573 1156 607 iure
1189 572 1263 607 hoc
1298 579 1355 607 est
1388 584 1409 607 a
1441 579 1585 607 natura
1623 571 1810 618 peccabili
1832 575 1842 580 ’

499 639 535 666 et
580 643 670 666 cum
715 629 826 666 nulla
870 642 1043 677 persona
1088 637 1219 665 creata
1265 638 1442 665 meretur
1479 629 1540 664 vel
1585 629 1812 664 demeretur

498 701 571 735 pro
604 689 733 736 primo
766 687 931 723 instanti
963 686 1024 723 sui
1058 699 1153 733 esse,
1200 695 1310 734 patet
1342 687 1451 735 quod
1491 686 1694 722 cuiuslibet
1727 698 1812 734 per-

498 757 593 782 sone
626 746 827 793 peccantis
860 745 1103 793 originaliter
1136 752 1296 792 oportet
1330 757 1413 781 esse
1447 743 1645 779 defectum
1679 745 1717 779 in
1741 756 1812 779 sua

497 805 656 850 origine.
691 804 730 839 Si
763 805 878 850 igitur
910 804 1038 839 omnis
1068 803 1190 839 homo
1213 815 1286 851 pro
1308 804 1367 839 sui
1389 803 1503 838 inicio
1527 802 1643 837 debet
1665 802 1811 838 habere

496 863 687 897 iusticiam
714 873 790 909 que
819 873 899 897 non
933 869 1063 909 potest
1096 872 1178 896 esse
1212 862 1356 908 gracia,
1391 860 1450 897 vel
1483 861 1564 896 sine
1597 860 1674 905 illa,
1703 868 1811 907 patet

499 919 702 955 conclusio
736 919 983 966 supradicta;
1031 931 1120 954 cum
1155 918 1272 966 igitur
1306 930 1348 954 ex
1388 917 1464 953 fide
1498 925 1534 953 et
1566 919 1811 965 experiencia

499 990 587 1013 cum
642 978 810 1013 racionis
863 977 1102 1013 adminiculo
1154 985 1262 1024 patet
1311 977 1417 1023 quod
1466 976 1742 1011 descendimus
1790 988 1810 1010 a

498 1035 725 1082 parentibus
770 1036 881 1070 nobis
925 1035 1249 1082 precludentibus
1294 1036 1408 1070 istam
1447 1032 1659 1076 iusticiam,
1706 1040 1813 1081 patet

497 1094 606 1140 quod
638 1092 845 1129 nascimur
876 1092 914 1127 in
949 1100 1115 1140 peccato
1149 1092 1340 1139 originali.

556 1152 720 1186 Dimitto
766 1158 897 1186 autem
945 1162 1059 1186 cecas
1103 1151 1317 1186 instancias
1362 1150 1468 1197 quod
1514 1150 1614 1185 sicut
1658 1149 1811 1185 catulus
1855 1152 1865 1157 '

496 1221 574 1244 non
609 1208 754 1244 dicitur
788 1221 904 1245 cecus
936 1209 995 1244 vel
1028 1207 1165 1244 videns
1199 1216 1290 1244 ante
1315 1219 1456 1244 novem
1484 1208 1576 1251 dies,
1611 1208 1702 1255 quia
1730 1220 1811 1243 non

497 1267 616 1302 habet
648 1275 742 1302 tunc
789 1267 839 1302 ad
883 1267 1050 1302 alterum
1087 1267 1253 1302 istorum
1294 1264 1633 1301 contradictorum
1668 1266 1812 1313 aptitu-

498 1325 627 1360 dinem
672 1324 911 1369 naturalem,
957 1326 1010 1359 sic
1056 1332 1111 1359 est
1155 1325 1202 1360 de
1236 1325 1380 1369 anima⁷
1427 1332 1645 1371 antequam
1679 1324 1811 1370 gracia

496 1382 746 1429 infundatur3
793 1383 901 1429 quod
945 1372 1021 1418 stat
1070 1393 1153 1418 esse
1194 1382 1310 1417 cicius
1342 1381 1403 1417 vel
1449 1380 1604 1416 diucius
1648 1389 1691 1416 ut
1724 1380 1811 1417 Deo

497 1440 704 1487 placuerit,
737 1452 830 1476 nam
854 1452 936 1475 non
958 1447 1086 1487 potest
1109 1439 1204 1487 fingi
1226 1439 1312 1475 talis
1342 1439 1532 1475 naturalis
1554 1440 1643 1486 inep
1662 1434 1665 1491 l
1685 1439 1811 1475 titudo

496 1499 534 1533 in
579 1498 711 1533 anima
756 1498 804 1533 ad
851 1498 1144 1534 observandum
1189 1496 1398 1541 iusticiam,
1445 1498 1536 1544 quia
1581 1498 1634 1532 sic
1679 1505 1812 1544 posset

496 1563 625 1591 totum
673 1567 797 1603 genus
842 1556 1062 1591 humanum
1110 1557 1334 1592 conversari
1378 1562 1420 1590 ut
1463 1554 1590 1590 besti&⁴
1634 1566 1707 1602 pro
1741 1567 1812 1590 suo

496 1622 691 1661 perpetuo
736 1612 819 1650 sine
864 1614 996 1649 debito
1030 1612 1322 1649 observacionis
1354 1612 1504 1648 iusticie
1544 1620 1581 1648 et
1613 1624 1683 1660 per
1716 1624 1812 1648 con-

497 1683 666 1719 sequens
699 1672 780 1707 sine
813 1671 1064 1719 obligacione
1097 1672 1146 1707 ad
1170 1671 1404 1707 merendum
1428 1670 1489 1707 vel
1511 1671 1812 1715 demerendum,

1849 1439 1931 1478 220d

497 1730 605 1777 quod
641 1738 698 1765 est
731 1737 870 1766 contra
908 1730 1036 1776 legem
1069 1729 1293 1766 naturalem
1333 1728 1540 1776 utriusque
1573 1729 1720 1764 tabule.
1776 1728 1813 1764 Si
1854 1731 1867 1763 f

498 1789 599 1822 enim
633 1787 816 1823 voluntas
849 1795 1007 1823 tenetur
1038 1788 1182 1823 servire
1207 1789 1302 1830 Deo,
1336 1786 1438 1822 sicut
1472 1795 1509 1822 et
1542 1787 1616 1822 alia
1640 1786 1813 1834 quelibet

498 1853 694 1895 creatura,
739 1853 835 1881 tunc
879 1854 1037 1881 tenetur
1068 1845 1199 1881 Deum
1246 1845 1406 1892 diligere
1451 1856 1608 1891 semper
1651 1845 1689 1879 in
1722 1852 1813 1880 actu

497 1903 557 1938 vel
590 1904 745 1950 habitu3
790 1903 943 1939 videtur
977 1902 1095 1939 michi
1141 1903 1316 1938 secundo
1350 1903 1456 1949 quod
1497 1903 1702 1950 supposita
1737 1902 1814 1937 fide

497 1962 543 1997 de
587 1961 701 2009 lapsu
746 1960 869 2008 primi
914 1961 1090 2008 parentis
1135 1969 1171 1996 et
1216 1962 1421 2008 supposita
1455 1960 1520 1995 illa
1559 1959 1813 2007 philosophia

497 2019 606 2066 quod
639 2018 801 2067 quilibet
834 2027 924 2066 post
956 2018 1110 2065 genitus
1144 2020 1365 2054 secundum
1401 2020 1579 2054 raciones
1603 2017 1844 2054 seminales?

497 2077 554 2112 sui
588 2078 763 2124 parentis
808 2077 878 2112 fuit
921 2078 959 2112 in
1004 2076 1090 2125 ipso
1135 2085 1301 2125 parente
1333 2075 1647 2123 participacione
1681 2075 1813 2111 anime

497 2146 641 2182 parens
674 2134 772 2182 ipse,
806 2143 848 2170 ut
880 2143 990 2182 patet
1022 2147 1093 2182 per
1124 2134 1386 2170 venerabilem
1417 2134 1652 2170 Anselmum
1686 2134 1724 2170 in
1756 2135 1813 2169 De

498 2193 706 2240 Conceptu
735 2191 931 2240 Virginali
962 2193 1047 2228 VIII
1092 2201 1129 2229 et
1174 2193 1269 2228 alias
1315 2191 1455 2228 diffuse
1500 2192 1673 2241 exposui,
1719 2199 1812 2227 tunc

497 2261 658 2286 necesse
691 2258 749 2286 est
781 2259 822 2285 ut
855 2262 979 2297 genus
1012 2263 1127 2286 suum
1162 2250 1332 2286 naturali
1365 2251 1658 2297 propagacione
1692 2250 1740 2285 ab
1765 2261 1811 2285 eo

497 2307 703 2344 discedens
737 2320 758 2344 a
791 2320 861 2344 sua
895 2307 1046 2355 origine
1080 2307 1333 2356 culpabiliter
1376 2307 1424 2343 sit
1467 2307 1670 2353 infectum,
1717 2310 1864 2343 namYZ

498 2366 614 2413 culpa
649 2365 828 2402 mortalis
860 2365 986 2401 inficit
1024 2366 1276 2414 spiritualiter
1314 2373 1440 2401 totum
1478 2378 1622 2413 corpus
1661 2373 1698 2401 et
1731 2366 1812 2401 ani—

498 2436 603 2459 mam
651 2436 740 2460 cum
786 2423 972 2460 omnibus
1018 2424 1163 2460 Viribus
1209 2423 1302 2469 suis,
1346 2423 1441 2470 quia
1484 2435 1645 2460 omnem
1690 2423 1811 2459 talem

498 2490 704 2528 parentem
738 2482 798 2518 vel
831 2482 1058 2530 potenciam
1093 2482 1243 2529 obligat
1277 2493 1319 2517 ex
1343 2489 1456 2517 reatu
1483 2480 1813 2517 condicionaliter

497 2539 545 2574 ad
580 2540 809 2586 iehennam3
856 2540 923 2576 sed
969 2540 1189 2575 secundum
1235 2541 1369 2575 Jesum
1417 2547 1599 2575 nostrum
1646 2538 1713 2587 qui
1754 2550 1811 2574 se-

565 2718 641 2746 2—-5.
664 2718 721 2746 Hic
740 2719 827 2747 locus
848 2724 1015 2755 corruptus
1035 2728 1101 2748 esse
1121 2720 1251 2748 videtur.
1333 2728 1373 2748 io.
1402 2720 1450 2748 vel
1473 2720 1540 2747 sine
1565 2719 1638 2753 illa;
1665 2718 1704 2746 ita
1725 2718 1810 2746 cod.:

495 2761 536 2781 21.
558 2752 653 2781 Cod.:
675 2754 719 2781 ad
737 2754 830 2782 deest.

568 2837 620 2870 32.
648 2838 802 2869 Anselmi
833 2838 922 2880 Opp.
953 2839 1005 2870 ed.
1032 2838 1147 2880 Migne
1174 2845 1257 2871 tom.
1287 2838 1434 2879 CLVHI,
1462 2849 1537 2881 pag.
1564 2848 1642 2879 442.
