2050 3292
139 395 146 415 1
158 388 207 425 74⁴

208 856 246 876 10

208 1134 243 1166 15

206 1433 246 1453 20

148 1713 224 1753 175a

206 2000 220 2009 ⁴,
236 2010 239 2011 γ

206 2012 246 2031 30

260 216 348 244 CAR
371 205 471 259 XXI]
730 215 864 246 LIBER
891 214 1099 245 TERTIUS.

260 332 422 369 structa,
468 322 576 370 prius
622 321 726 358 enim
774 329 1001 357 constructa
1046 328 1103 356 est
1142 319 1278 356 civitas
1318 319 1563 367 angelorum,

261 395 349 418 cum
380 378 384 433 ξ
414 382 509 417 Gen.
544 382 570 426 Ι,
602 393 611 415 1
654 378 816 415 dicitur:
851 379 891 414 In
919 378 1109 427 principio
1138 378 1284 414 creavit
1308 378 1413 413 Dens
1444 378 1564 413 celum

261 447 294 475 et
326 447 488 475 terram.
523 440 584 473 Ius
617 449 708 473 vero
732 436 913 484 gencium
945 435 1121 472 creditur
1144 435 1388 483 originatum
1413 448 1434 471 a
1458 437 1566 482 Cayn

262 505 298 533 et
331 497 370 532 in
402 496 488 544 ipso
521 496 579 530 ius
618 494 742 541 civile,
790 502 832 529 ut
875 493 1055 541 proximo
1099 493 1157 528 sui
1203 492 1414 540 principio,
1460 494 1566 540 quod

263 563 350 602 post
393 554 613 602 perfectum
660 560 716 587 est
762 553 811 587 ab
856 551 1173 596 Atheniensibus,
1210 549 1486 586 Lacedonibus
1532 558 1567 586 et

262 611 464 651 Romanis.
498 613 578 647 Nec
610 609 807 657 sequitur:
849 608 950 645 cives
984 609 1146 645 celestes
1186 609 1329 644 docent
1362 607 1447 644 iura
1480 620 1567 655 pcr-

261 669 435 706 tinencia
469 667 630 713 civitati,
665 680 757 715 ergo
786 666 921 703 vivunt
954 666 1134 716 civiliter,
1167 666 1227 702 vel
1260 674 1351 702 sunt
1383 667 1566 701 doctores

261 727 356 764 iuris
390 726 530 774 civilis3
564 739 645 762 non
678 724 783 761 enim
817 733 989 772 oportet,
1023 726 1050 760 si
1084 736 1232 760 nomen
1265 722 1359 759 civis
1382 732 1450 759 aut
1474 723 1565 759 civi-

261 785 352 822 tatis
397 785 445 821 sit
487 793 568 820 tam
613 784 744 820 laxum
778 791 896 830 atque
930 781 1179 831 equivocum,
1225 790 1319 817 tunc
1358 793 1427 829 per
1460 780 1563 816 idem

261 842 457 892 quotlibet
491 843 538 878 ab
571 853 617 877 eo
650 840 894 885 derivatum3
929 849 1021 876 tunc
1046 839 1149 875 enim
1176 842 1280 875 Deus
1302 839 1403 874 foret
1427 840 1567 874 doctor

261 901 413 949 primus
436 899 531 936 iuris
556 899 693 945 civilis,
717 898 849 934 vivens
872 911 1028 934 summe
1053 897 1218 933 civiliter
1240 896 1340 933 sicut
1363 896 1567 932 sentencia

262 961 309 995 de
341 957 654 1006 proprietatibus
687 968 948 1003 personarum
983 956 1084 991 foret
1108 967 1226 991 causa
1249 966 1404 990 summe
1428 953 1565 996 civilis,

262 1016 355 1065 quia
399 1027 553 1052 summe
597 1014 800 1062 pertinens
844 1013 1005 1050 cuilibet
1051 1012 1211 1056 civitati,
1266 1025 1355 1048 cum
1404 1023 1566 1048 omnem

262 1074 461 1111 civitatem
487 1082 642 1120 causat3
677 1084 749 1108 nec
773 1080 830 1108 est
852 1083 1003 1115 verum,
1037 1072 1144 1118 quod
1169 1071 1314 1106 demon
1337 1078 1394 1105 est
1427 1071 1568 1105 doctor

261 1132 355 1168 iuris
386 1130 506 1168 civilis
536 1138 603 1167 aut
632 1130 764 1166 vivens
789 1128 967 1174 civiliter⁷
1002 1141 1090 1164 cum
1126 1128 1261 1164 civitas
1295 1127 1453 1175 dyaboli
1486 1139 1567 1162 non

260 1190 309 1226 sit
353 1189 501 1235 civitas,
545 1200 617 1224 nec
661 1187 739 1223 vita
785 1200 855 1223 sua
901 1186 1036 1235 civilis7
1083 1199 1171 1222 cum
1212 1184 1413 1221 iniusticia
1445 1184 1568 1220 inficit

262 1247 503 1284 racionalem
538 1255 736 1296 naturam,
770 1257 818 1281 ne
850 1244 900 1280 sit
933 1245 1105 1292 populus
1129 1244 1186 1280 vel
1219 1243 1352 1279 vivens
1375 1242 1566 1290 legaliter,

263 1307 369 1354 quod
413 1305 444 1340 si
488 1304 741 1340 inveniantur
788 1304 970 1339 doctores
1016 1314 1157 1338 vocare
1210 1300 1566 1348 congregacionem

261 1363 474 1411 spirituum
499 1362 720 1398 infidelium
746 1361 945 1397 civitaten]
971 1368 1027 1395 est
1051 1359 1308 1407 equivocacio
1338 1358 1377 1394 in
1411 1358 1568 1394 civitate

261 1433 351 1457 vere
389 1429 426 1456 et
459 1420 587 1455 solum
627 1418 896 1466 nuncupative
929 1417 1046 1454 dicta.
1101 1418 1216 1453 Unde
1254 1429 1335 1453 non
1368 1415 1566 1464 sequitur:

262 1479 332 1515 iste
355 1478 521 1514 iniustus
544 1477 637 1513 vivit
660 1478 877 1513 secundum
902 1476 1024 1522 legem
1060 1483 1214 1520 nature,
1250 1487 1342 1522 ergo
1375 1473 1567 1522 legaliter,

262 1538 329 1572 sed
362 1544 518 1584 oportet
550 1536 658 1583 quod
690 1537 789 1571 vivat
821 1534 994 1570 virtuose
1026 1534 1247 1569 secundum
1286 1532 1425 1579 legem.
1477 1532 1568 1567 Ideo

262 1595 479 1630 secundum
515 1593 768 1629 Aristotelem
804 1590 950 1640 policia
985 1590 1259 1627 aristocratica
1292 1591 1411 1625 babet
1444 1602 1569 1637 quan-

263 1654 352 1688 dam
387 1651 634 1700 prioritatem
670 1651 708 1686 in
742 1649 840 1699 aliis,
873 1649 929 1685 sic
962 1650 1067 1696 quod
1093 1648 1168 1685 alie
1192 1647 1377 1684 dicuntur
1402 1646 1569 1694 posteri-

262 1722 349 1746 ores
382 1709 573 1758 equivoce
602 1706 605 1762 }
635 1707 793 1756 policie,
828 1707 929 1743 sicut
953 1706 1195 1754 Augustinus
1220 1707 1303 1741 XIX
1328 1708 1384 1741 De
1401 1705 1569 1740 Civitate

263 1767 334 1803 Dei
368 1767 463 1803 dicit
501 1768 606 1815 quod
641 1765 823 1809 Romani,
870 1764 1029 1813 quando
1062 1764 1242 1800 infideles
1275 1764 1442 1807 fuerant,
1489 1775 1569 1798 non

263 1834 375 1862 erant
398 1825 579 1873 populus.
614 1827 662 1860 Et
686 1832 793 1872 patet
817 1835 858 1859 ex
889 1822 1160 1870 descripcione
1195 1820 1288 1857 civis
1322 1834 1367 1857 ac
1401 1819 1569 1856 civitatis

263 1883 444 1931 superius
473 1882 603 1930 posita
637 1883 744 1930 quod
774 1881 955 1917 infideles
979 1889 1045 1916 aut
1069 1879 1205 1915 iniusti
1237 1890 1318 1915 non
1352 1887 1442 1914 sunt
1475 1887 1569 1913 tunc

263 1942 365 1977 cives
396 1942 456 1977 vel
501 1940 651 1985 civitas,
698 1952 786 1976 cum
833 1938 967 1974 delicit
1012 1939 1065 1973 eis
1110 1937 1311 1973 vinculum
1358 1935 1569 1972 societatis.

264 1999 434 2034 iniustus
478 1998 582 2034 enim
630 2006 685 2033 est
730 1996 914 2032 inimicus
960 1998 1042 2032 Deo
1087 2004 1123 2030 et
1169 1994 1332 2031 cuilibet
1377 1993 1570 2029 racionali

263 2065 457 2101 creature,
493 2055 619 2092 eciam
653 2054 726 2091 sibi
750 2054 836 2102 ipsi.
871 2054 992 2090 Cuius
1025 2053 1144 2100 igitur
1168 2061 1224 2088 est
1252 2051 1406 2088 socius?
1441 2050 1569 2087 Relin-

264 2115 421 2162 quendo
455 2113 573 2161 igitur
605 2113 692 2149 illas
725 2112 901 2148 verbales
935 2110 1149 2147 instancias
1183 2119 1220 2146 et
1243 2110 1444 2157 loquendo
1464 2108 1569 2144 iuxta

264 2171 474 2208 consilium
509 2170 730 2207 Aristotelis
762 2170 822 2205 vel
856 2170 988 2217 plures
1027 2167 1266 2216 pertinentes
1303 2166 1467 2203 materie
1502 2167 1570 2201 sed

263 2229 454 2277 sapiendo
499 2238 541 2264 ut
585 2228 914 2276 philosophantes
963 2225 1187 2273 rectiloqui,
1234 2237 1417 2273 suppono
1463 2225 1570 2271 quod

264 2288 487 2323 dominacio
535 2286 650 2322 civilis
694 2287 740 2321 sit
786 2286 1010 2320 dominacio
1054 2285 1215 2331 propria
1259 2284 1372 2318 activi
1414 2283 1571 2317 viatoris

264 2357 382 2393 super
415 2346 525 2381 bonis
557 2344 715 2379 fortune
748 2343 864 2390 plene
896 2342 1115 2378 secundum
1149 2341 1252 2388 leges
1286 2341 1481 2376 humanas
1515 2342 1571 2385 (ut

265 2405 482 2450 expositum
517 2410 574 2438 est
612 2403 650 2437 in
682 2403 752 2436 ΧΙ0
787 2401 900 2436 huius
929 2401 989 2445 V).
1043 2400 1156 2435 Unde
1195 2400 1231 2434 in
1264 2399 1417 2445 signum
1463 2398 1569 2445 quod

265 2462 486 2497 dominacio
520 2459 636 2495 civilis
669 2458 889 2506 exemplata
923 2470 944 2493 a
978 2459 1059 2492 iure
1092 2458 1338 2504 principante
1371 2456 1417 2490 sit
1443 2454 1570 2490 domi-

265 2521 377 2555 nacio
410 2516 683 2566 proprietaria,
716 2524 795 2552 tam
824 2516 1012 2551 Ysidorus
1045 2527 1165 2562 quam
1198 2513 1427 2550 Aristoteles
1460 2514 1571 2560 ponit

285 2734 295 2760 l
333 2697 376 2726 23.
397 2697 492 2726 Cod.:
514 2696 729 2726 aristocracz‘a.
825 2694 863 2729 31,
884 2694 927 2722 32.
949 2694 1043 2722 Cod.:
1074 2693 1263 2728 reliquendo.
1354 2691 1396 2719 33.
1419 2692 1513 2719 Cod.:
1540 2694 1572 2718 ut

263 2742 282 2769 p
298 2741 374 2762 ures.

336 2816 388 2850 25.
416 2816 507 2858 Opp.
532 2821 617 2847 tom.
645 2814 715 2858 Vll,
741 2825 774 2856 p.
803 2813 878 2856 564,
907 2812 982 2856 570.

334 2873 380 2900 De
399 2871 488 2899 Civili
510 2870 666 2898 Dominio.
691 2870 743 2897 III.
1393 2865 1432 2898 28

1771 219 1849 256 433

1615 388 1681 415 Tite
1702 389 1807 421 angel>

1582 432 1632 450 arc·
1655 424 1808 450 members
1824 424 1857 449 ol'

1617 458 1666 484 {bc
1689 458 1809 484 (lluarch

1618 492 1675 518 and
1699 492 1824 518 citizens

1606 530 1635 554 ol
1658 527 1705 552 lile
1729 527 1824 553 boum:

1652 563 1679 588 (tl
1705 562 1784 588 (lod.

1679 2169 1756 2198 Civil

1604 2204 1783 2237 ownersbip
1806 2205 1831 2231 is

1655 2248 1670 2266 a
1692 2239 1791 2266 man's

1604 2275 1782 2308 oxvnersbip
1804 2275 1834 2300 ot

1625 2308 1674 2335 the
1695 2308 1766 2342 git‘ts
1787 2310 1816 2335 οῖ

1637 2345 1757 2370 fortune
1778 2343 1806 2369 in

1629 2378 1817 2404 accordance

1615 2413 1693 2473 witbl
1709 2412 1823 2439 human

1699 2455 1755 2473 axv.
