2050 3292
246 223 334 252 CAP.
354 213 471 267 XXV]
720 225 855 256 LIBER
880 224 1090 256 TERTIUS.

304 334 419 369 Sexto
453 340 490 368 et
522 330 665 367 ultimo
688 330 894 367 dubitatur
918 331 965 366 de
988 328 1237 377 legitimitate
1261 328 1417 376 generis
1440 327 1555 376 spiri-

246 391 363 427 tualis
397 398 434 426 et
465 390 512 425 de
545 397 710 437 peccato
743 387 782 423 in
816 387 1010 435 Spiritum
1045 388 1250 430 Sanctum,
1291 398 1363 422 nec
1395 398 1477 422 non
1509 387 1556 421 de

247 448 441 496 dignitate
473 448 524 483 ad
558 447 796 482 mercedem.

305 507 392 551 Quo
425 506 475 541 ad
508 504 682 552 primum
717 504 937 539 notandum
972 504 1078 550 quod
1107 501 1317 550 generacio
1341 500 1556 548 spiritualis

214 563 328 599 finon
361 571 417 599 est
449 561 642 610 legittima
675 560 750 596 nisi
783 561 891 596 Deus
936 560 1275 608 predestinaverit‚
1321 559 1453 594 dando
1485 557 1557 594 sibi

247 620 477 669 potenciam
510 620 870 666 correspondentes
913 618 962 653 ad
994 620 1121 653 Deum
1161 626 1338 665 patrem3
1384 616 1557 651 secundo

246 678 323 715 nisi
346 681 451 714 Deus
484 677 663 725 graciose
687 677 890 712 donaverit
911 675 984 712 sibi
1008 675 1253 723 sapienciam
1279 676 1326 711 ad
1351 672 1559 710 actualiter

247 737 481 773 merendum
528 735 886 781 correspondentes
931 734 981 769 ad
1014 735 1141 770 Deum
1183 733 1319 777 filium,
1366 740 1402 767 et
1433 730 1557 767 tercio

247 794 321 830 nisi
354 796 457 829 Deus
501 792 678 840 graciose
722 790 930 828 donaverit
960 790 1034 826 sibi
1068 790 1228 827 filialem
1264 788 1440 826 caritatis
1472 800 1558 836 per-

195 861 232 882 10
247 852 514 889 severenciam
539 850 900 897 correspondentes
919 849 968 885 ad
985 850 1112 885 Deum
1130 848 1324 896 Spiritum
1344 848 1558 891 Sanctum3

249 919 285 946 et
318 909 373 945 sie
406 907 634 956 quicunque
669 906 841 943 caruerit
874 906 948 942 ista
978 914 1091 942 terna
1122 905 1388 953 generacione
1420 912 1559 951 peccat

248 968 287 1003 in
331 966 525 1014 Spiritum
567 967 773 1010 Sanctum,
820 964 925 1012 quod
971 972 1028 999 est
1074 972 1283 1011 peccatum
1330 961 1457 998 finalis
1502 962 1560 996 in-

248 1023 485 1073 penitencie,
530 1024 677 1059 durans
710 1034 834 1070 usque
880 1022 929 1058 ad
974 1030 1158 1058 mortem.
1211 1023 1259 1057 Et
1295 1019 1351 1056 sic
1382 1018 1559 1066 intelligo

249 1082 400 1119 dictum
424 1080 552 1118 sancti
575 1080 825 1128 Evangeliste
856 1080 883 1117 Ι.
906 1079 991 1117 Joh.
1006 1081 1052 1125 V,
1075 1079 1137 1126 16,
1159 1079 1226 1116 18:
1260 1078 1332 1114 Est
1358 1084 1559 1126 peccatum

197 1138 300 1176 15ad
342 1147 521 1186 mortem,
566 1151 637 1174 non
677 1150 754 1187 pro
798 1137 863 1173 illo
898 1137 995 1183 dico,
1041 1144 1081 1172 ut
1113 1145 1224 1186 roget
1264 1136 1357 1184 quis.
1412 1134 1561 1170 Scimus

247 1198 334 1248 quia
368 1197 490 1233 omnis
521 1196 585 1245 qui
615 1203 726 1231 natus
764 1203 819 1231 est
856 1206 907 1231 ex
938 1195 1022 1230 Deo
1061 1207 1133 1230 non
1166 1201 1303 1243 peccat
1340 1193 1408 1229 sed
1444 1204 1559 1242 gene-

250 1255 355 1291 racio
391 1255 466 1291 Dei
507 1261 710 1291 conservat
747 1265 832 1289 eum
872 1259 906 1288 et
939 1252 1137 1302 malignus
1175 1264 1247 1287 non
1281 1250 1407 1300 tangit
1438 1250 1559 1285 illum.

251 1314 299 1349 Et
337 1313 467 1361 prima
497 1313 582 1348 Joh.
617 1313 678 1357 ΙΙΙ,
707 1311 744 1357 6,
779 1322 823 1360 9:
863 1310 995 1346 Omnis
1039 1310 1104 1358 qui
1148 1309 1183 1345 in
1230 1321 1272 1345 eo
1317 1315 1445 1344 manet
1488 1319 1561 1343 non

246 1378 394 1421 peccat,
428 1378 462 1406 et
494 1369 617 1406 omnis
647 1368 713 1418 qui
738 1375 874 1417 peccat
907 1379 978 1403 non
1012 1367 1107 1403 vidit
1139 1379 1237 1414 eum,
1276 1378 1343 1402 nec
1380 1365 1563 1415 cognovit

193 1436 235 1458 20
250 1441 348 1465 eum.
382 1430 430 1464 Et
462 1426 661 1476 sequitur:
691 1426 825 1462 Omnis
856 1426 921 1475 qui
951 1432 1062 1461 natus
1095 1432 1150 1461 est
1176 1436 1226 1461 ex
1248 1425 1332 1460 Deo
1360 1430 1561 1473 peccatum

250 1499 322 1522 non
356 1486 475 1536 facit,
520 1485 694 1534 quoniam
739 1496 866 1520 semen
911 1483 1030 1532 ipsius
1074 1483 1109 1518 in
1155 1495 1196 1519 eo
1241 1489 1368 1517 manet
1412 1488 1446 1516 et
1490 1492 1561 1516 non

246 1551 375 1594 potest
412 1555 577 1593 peccare
618 1541 797 1592 quoniam
843 1552 893 1577 ex
924 1541 1008 1577 Deo
1053 1547 1165 1576 natus
1208 1548 1276 1576 est.
1322 1538 1439 1575 Talia
1472 1546 1563 1575 sunt

253 1602 379 1638 multa
425 1601 531 1637 dicta
574 1599 770 1648 scripture
820 1598 939 1635 nimis
989 1598 1151 1635 subtilia
1195 1610 1270 1645 que
1316 1598 1437 1633 homo
1482 1608 1563 1631 non

252 1658 450 1708 concipiet
496 1657 572 1695 nisi
616 1657 813 1705 intelligat
858 1656 1164 1704 generacionem
1212 1656 1350 1703 istam3
1403 1662 1439 1690 et
1489 1655 1564 1690 hoc

196 1714 234 1746 25
251 1726 459 1765 peccatum
484 1716 592 1764 quod
615 1715 914 1752 antonomatice
947 1714 1093 1750 dicitur
1125 1721 1348 1762 peccatum,
1382 1711 1475 1760 quia
1507 1719 1564 1747 est

132 1776 214 1816 239²*
252 1774 451 1811 infinitum
487 1773 644 1822 gravius
673 1770 678 1824 Ι
707 1785 825 1821 quam
861 1772 1012 1820 aliquid
1046 1772 1303 1819 reliquorum.
1338 1772 1386 1806 Et
1418 1770 1474 1806 sic
1506 1769 1565 1805 in-

253 1833 387 1881 telligo
420 1834 578 1869 beatum
602 1831 880 1867 Bernhardum
905 1829 946 1866 in
969 1832 1026 1866 De
1048 1831 1198 1866 Amore
1222 1830 1292 1865 Dei
1317 1827 1499 1876 capitulo
1516 1827 1563 1873 V,

251 1891 317 1927 ubi
366 1891 598 1938 exponendo
631 1889 852 1937 predictam
886 1887 1166 1924 auctoritatem
1200 1886 1392 1922 Johannis
1433 1885 1566 1921 Omnis

252 1949 315 1997 qui
346 1956 456 1984 natus
488 1955 543 1985 est
575 1959 624 1984 ex
647 1948 730 1982 Deo
758 1953 959 1996 peccatum
984 1958 1055 1981 non
1078 1945 1205 1994 facit.-
1236 1945 1389 1990 Petrus,
1422 1942 1565 1990 inquit,

196 2006 237 2038 30
253 2019 336 2042 cum
366 2006 553 2055 peccavit,
593 2005 793 2041 caritatem
828 2016 899 2040 non
932 2003 1073 2049 amisit,
1113 2004 1198 2051 quia
1228 2001 1402 2051 peccavit
1430 2001 1566 2050 pocius

252 2065 288 2100 in
322 2064 521 2100 veritatem
553 2076 666 2112 quam
700 2062 735 2097 in
769 2062 984 2098 caritatem.
1024 2061 1106 2107 Ille,
1139 2060 1319 2108 inquam,
1352 2067 1491 2107 peccat
1524 2058 1564 2094 in

252 2121 457 2159 veritatem
493 2121 558 2169 qui
603 2128 742 2168 peccat
787 2132 829 2156 ex
860 2118 1093 2167 ignorancia
1132 2117 1332 2166 sapiencie
1365 2115 1564 2164 opposita,

255 2189 292 2216 et
336 2180 411 2215 hoc
455 2179 495 2214 in
540 2177 670 2214 medio
703 2177 780 2213 vite
824 2190 906 2213 non
949 2177 1168 2212 obduratus
1200 2188 1326 2223 usque
1357 2174 1397 2210 in
1431 2174 1565 2210 finem.

254 2238 321 2274 Ille
365 2246 498 2273 autem
545 2244 684 2284 peccat
728 2234 768 2270 in
812 2234 1018 2271 caritatem
1065 2242 1102 2270 et
1141 2233 1333 2281 Spiritum
1373 2233 1564 2268 Sanctum

198 2295 237 2327 35
254 2296 321 2343 qui
342 2307 467 2342 usque
491 2295 540 2330 ad
565 2293 684 2330 finem
709 2293 783 2328 vite
807 2300 988 2329 remanet
1011 2293 1251 2335 obduratus;
1277 2303 1370 2326 nam
1395 2289 1566 2338 Spiritus

255 2355 425 2389 Sanctus
458 2351 526 2399 qui
560 2359 616 2387 est
647 2363 818 2398 persona
852 2350 1005 2396 ultima,
1040 2362 1118 2397 qua
1149 2362 1222 2385 nec
1256 2356 1313 2385 est
1340 2359 1413 2384 nec
1436 2355 1567 2395 potest

255 2423 338 2447 esse
382 2421 556 2458 persona
599 2408 750 2456 origine
796 2407 993 2455 posterior
1031 2407 1070 2442 in
1104 2409 1187 2443 Deo
1215 2436 1219 2441 .
1247 2435 1254 2442 .
1280 2435 1289 2443 .
1313 2415 1350 2441 et
1382 2414 1492 2453 patet
1524 2416 1567 2440 ex

255 2468 340 2504 istis
383 2468 491 2503 iuxta
535 2465 641 2502 dicta
686 2465 869 2513 proximo
914 2464 1090 2512 capitulo
1124 2465 1231 2513 quod
1270 2463 1415 2500 caritas
1448 2475 1565 2510 quam

255 2527 374 2562 habet
418 2524 646 2573 quicunque
692 2532 905 2570 generatus
939 2524 1059 2558 modo
1092 2521 1271 2569 predicto
1305 2533 1347 2557 ex
1382 2523 1466 2557 Deo
1500 2519 1567 2568 qui

196 2593 240 2623 40
256 2584 361 2619 solus
408 2591 465 2619 est
509 2581 613 2618 filius
646 2580 718 2617 Dei
762 2580 994 2629 simpliciter
1033 2579 1135 2616 sicut
1174 2588 1252 2616 stat
1284 2592 1372 2615 cum
1408 2576 1568 2614 mortali

192 2640 217 2670 L
257 2648 421 2689 peccato
471 2639 570 2676 citra
615 2647 824 2687 peccatum
872 2637 911 2673 in
944 2637 1137 2685 Spiritum
1172 2639 1376 2686 Sanctum,
1421 2635 1476 2672 sic
1509 2647 1568 2671 re-

328 2786 380 2818 27·
406 2777 485 2808 Non
511 2776 562 2807 De
586 2777 718 2807 Amore
750 2774 813 2806 Dei
846 2773 907 2805 sed
940 2773 991 2804 De
1018 2773 1145 2804 Natura
1178 2777 1212 2802 et
1237 2770 1410 2812 Dignitate
1437 2769 1569 2800 amoris

258 2823 375 2864 divini,
401 2833 473 2854 non
498 2832 572 2864 cap.
591 2822 618 2853 V
645 2821 707 2853 sed
736 2821 790 2853 VI.
888 2821 940 2861 37.
967 2819 1003 2850 In
1030 2819 1120 2855 Deo;
1147 2816 1203 2849 hic
1230 2817 1346 2858 aliqua
1372 2817 1507 2848 desunt.

1762 213 1842 261 589

1617 504 1667 531 No
1688 513 1746 531 one
1766 505 1793 532 is

1612 540 1811 574 legitimately

1595 574 1671 600 born
1692 574 1727 601 of
1746 573 1827 608 G0d‚

1572 609 1679 635 unless
1701 608 1770 635 God
1792 610 1847 636 has

1597 643 1828 678 predestinated

1583 678 1645 705 him
1667 678 1726 705 and
1747 677 1836 713 given

1608 712 1671 739 him
1694 720 1810 747 power,

1602 747 1736 775 Wisdom
1757 748 1817 774 and

1671 783 1750 809 love.
