2050 3292
238 222 326 249 CAP.
347 211 460 265 xxa]
709 221 843 253 LIBER
869 220 1078 252 TERTIUS.

297 331 351 365 Ex
383 341 461 377 quo
494 337 602 377 patet
633 329 740 375 quod
780 327 926 363 habent
965 325 1025 361 ius
1058 333 1095 362 et
1133 332 1371 373 potestatem
1405 322 1542 360 utendi

240 387 279 423 in
313 385 561 423 necessitatis
593 394 774 433 tempore
807 397 876 432 pre
909 383 996 420 aliis
1034 392 1227 431 tanquam
1263 381 1543 419 communibus

240 444 352 481 bonis
385 443 563 481 ecclesie.

297 503 481 539 Secundo
535 509 711 537 moveret
762 511 870 546 reges
915 499 963 535 ad
1010 497 1278 534 ordinandum
1333 497 1379 532 de
1431 495 1544 532 bonis

209 559 403 597 §ecclesie
450 558 558 607 pacis
604 567 640 594 et
675 556 952 606 prosperitatis
985 555 1095 603 regni
1139 554 1423 603 tranquillitas,
1469 565 1545 601 que

240 618 459 654 secundum
505 616 655 652 dictum
702 614 882 663 proximo
927 613 1104 661 capitulo
1150 612 1357 661 potissime
1396 619 1473 647 stat
1506 611 1546 647 in

242 674 446 722 religionis
497 673 756 710 observancia
788 673 1056 717 sacerdotum,
1111 679 1148 707 et
1196 671 1441 707 declaratum
1490 676 1547 704 est

241 731 418 780 capitulo
462 732 566 767 XVII
609 732 660 766 IV
692 730 808 767 huius
852 742 895 765 ex
939 728 1166 765 testimonio
1211 727 1316 764 beati
1349 726 1547 773 Gregorii3

241 790 510 827 Crisostomus
555 788 681 825 eciam
727 789 771 823 In
808 787 1030 834 Inperfecto
1071 785 1228 822 Omelia
1266 785 1387 821 XXXI
1434 785 1549 820 docet

189 848 345 884 ioidem
386 846 565 894 exemplo
607 845 830 893 multiplici,
871 844 1000 892 primo
1039 855 1082 880 ex
1122 844 1196 879 hoc
1229 843 1338 891 quod
1371 841 1549 878 Christus

241 914 283 941 ut
315 918 380 941 rex
412 905 632 941 ascendens
676 903 894 939 Jerusalem
930 901 1060 950 primo
1100 900 1282 937 omnium
1316 898 1550 936 rectificavit

128 967 203 1001 185³
241 963 435 1010 templum
481 961 664 1005 eiciendo
711 969 889 998 ementes
934 968 971 995 et
1014 971 1088 996 ven
1116 956 1120 1010 Ι
1149 960 1300 1004 dentes,
1349 965 1392 993 ut
1440 965 1550 1005 patet

242 1022 365 1057 Math.
389 1020 487 1066 XXI,
522 1028 565 1055 ut
588 1031 680 1067 sepe
704 1020 877 1066 exposui,
895 1016 1199 1065 exemplificavit
1222 1017 1260 1052 in
1283 1016 1358 1052 hoc
1391 1014 1549 1062 regibus

243 1087 279 1115 et
312 1077 486 1114 dominis
518 1076 777 1122 secularibus,
817 1084 859 1112 ut
898 1074 973 1123 ipsi
1006 1076 1155 1111 vadant
1194 1082 1231 1110 et
1263 1073 1408 1109 saciant
1441 1071 1549 1108 simi-

189 1136 343 1173 rfiliter.
377 1136 438 1172 Ad
472 1135 546 1171 hoc
581 1134 685 1171 enim
712 1136 816 1170 Deus
849 1133 958 1170 dedit
991 1132 1044 1168 eis
1077 1140 1330 1180 potestatem,
1364 1139 1407 1166 ut
1439 1137 1548 1178 patet

243 1196 356 1231 Rom.
388 1193 488 1230 XIII.

178 1256 203 1286 C
299 1251 485 1287 Secundo
529 1251 638 1298 ponit
670 1250 938 1286 Crisostomus
983 1247 1207 1294 exemplum
1253 1247 1300 1282 de
1339 1244 1546 1282 stomacho

242 1308 309 1357 qui
355 1309 519 1344 existens
563 1319 681 1344 cocus
724 1305 956 1342 universalis
1000 1305 1126 1342 tocius
1171 1302 1349 1352 corporis
1393 1302 1545 1349 indiget

243 1365 532 1403 rectificacione
572 1364 743 1410 assidua,
784 1377 832 1401 ne
865 1376 909 1403 ex
940 1363 1023 1400 eius
1062 1361 1252 1399 discrasia
1285 1369 1448 1409 propter
1480 1361 1544 1395 de-

186 1438 227 1459 20
241 1425 386 1461 fectum
420 1423 597 1459 alimenti
630 1422 833 1458 residuum
867 1421 1046 1469 corporis
1079 1420 1276 1468 paciatur3
1310 1418 1365 1455 sic
1397 1418 1437 1454 in
1461 1430 1546 1453 cor-

244 1494 340 1529 pore
373 1480 519 1517 Christi
553 1479 707 1516 mistico
739 1488 796 1516 est
829 1478 994 1515 clericus
1028 1490 1245 1526 preparans
1278 1476 1427 1525 populo
1461 1484 1547 1512 tan-

249 1552 369 1587 quam
394 1538 624 1575 stomachus
648 1537 870 1585 spiritualia
893 1537 1098 1574 alimenta.
1120 1535 1307 1572 Terciurn
1328 1534 1550 1581 exemplum

248 1596 360 1645 ponit
393 1597 438 1632 de
471 1598 614 1632 arbore
647 1608 767 1643 quarn
800 1594 977 1631 videntes
1010 1593 1050 1629 in
1073 1593 1194 1629 ramis
1217 1604 1396 1629 arescere
1419 1590 1551 1627 statim

248 1654 487 1690 convincunt
510 1654 706 1690 defectum
732 1665 815 1689 esse
838 1651 1086 1699 originaliter
1110 1650 1150 1686 in
1183 1649 1334 1696 radice3
1370 1649 1424 1685 sic
1457 1661 1553 1696 qua-

192 1716 230 1747 25
248 1725 420 1759 cumque
453 1720 565 1759 parte
598 1710 735 1759 populi
770 1719 962 1758 peccante
996 1718 1054 1745 est
1098 1708 1259 1745 evidens
1292 1709 1399 1755 quod
1433 1718 1552 1743 causa

249 1770 363 1805 huius
396 1769 445 1805 sit
476 1770 536 1805 vel
568 1768 732 1805 omissio
765 1768 824 1804 vel
858 1766 1088 1804 commissio
1123 1765 1354 1802 sacerdotis.
1403 1765 1552 1800 Totum

246 1827 349 1863 enirn
384 1839 526 1874 corpus
565 1825 730 1863 ecclesie
764 1827 871 1874 quod
903 1833 1059 1861 tenetur
1097 1837 1137 1860 se
1175 1823 1309 1860 iuvare
1349 1821 1552 1869 reciproce

247 1887 363 1922 debet
408 1885 626 1921 secundum
678 1892 831 1931 partem
885 1895 1022 1919 sanam
1077 1881 1279 1929 corripere
1324 1879 1552 1916 huiusmodi

246 1942 483 1979 sacerdoteS.
517 1942 630 1979 Unde
665 1943 769 1977 Luce
801 1942 899 1986 XIX,
933 1940 998 1988 46,
1032 1950 1082 1989 47
1125 1947 1337 1987 postquam
1372 1936 1553 1974 Christus

191 2004 231 2034 30
246 2001 351 2036 flevit
367 1999 681 2037 destruccionem
697 1999 913 2034 Jerusalem
938 1997 1071 2033 statim
1094 1996 1274 2033 ascendit
1296 1996 1336 2031 in
1358 1995 1552 2042 templum

246 2067 291 2099 et¹
321 2057 424 2105 cepit
458 2057 583 2094 eicere
615 2058 829 2092 vendentes
862 2056 901 2091 in
934 2055 1084 2102 templo
1125 2063 1160 2090 et
1195 2062 1384 2098 ementes,
1419 2052 1554 2089 dicens

246 2115 340 2151 illis:
376 2115 570 2164 Scriptum
595 2122 669 2150 est:
691 2115 842 2150 Domus
866 2125 948 2149 mea
983 2113 1120 2149 domus
1152 2111 1344 2148 oracionis
1376 2118 1441 2149 est.
1481 2110 1555 2146 Vos

245 2180 370 2208 autem
392 2173 548 2221 fecistis
570 2173 677 2208 illam
700 2172 918 2221 speluncam
942 2171 1151 2206 latronum.
1184 2170 1236 2205 Et
1263 2175 1348 2205 erat
1375 2167 1556 2216 quottidie

247 2231 385 2266 docens
423 2230 458 2265 in
497 2230 651 2279 templo,
687 2229 884 2278 principes
915 2236 1040 2264 autem
1081 2235 1115 2264 et
1152 2227 1277 2264 scribe
1307 2227 1553 2263 sacerdotum

191 2290 229 2322 35
245 2295 280 2323 et
307 2287 504 2336 principes
531 2288 654 2336 plebis
696 2287 906 2336 querebant
949 2298 1032 2322 eum
1073 2286 1255 2335 perdere.
1309 2286 1437 2331 Super
1476 2296 1555 2331 quo

246 2345 382 2381 dicunt
426 2345 552 2381 sancti
598 2346 781 2381 doctores
827 2353 865 2380 et
903 2342 1128 2391 specialiter
1168 2344 1307 2379 beatus
1340 2340 1555 2389 Gregorius

131 2403 208 2436 185¹³
246 2402 402 2439 Omelia
431 2403 588 2438 XXXIX
619 2401 708 2438 libri
742 2404 791 2448 113
826 2402 933 2450 quod
966 2401 1138 2436 maxima
1172 2400 1282 2436 ruina
1311 2398 1447 2448 populi
1473 2398 1477 2445 Ι
1506 2410 1557 2434 ex

244 2461 356 2508 culpa
406 2461 650 2496 sacerdotum
692 2460 789 2508 fuit,
842 2459 931 2495 ideo
984 2458 1115 2506 primo
1163 2457 1344 2493 omnium
1389 2468 1555 2504 arguere

244 2518 330 2553 illos
375 2517 496 2565 cepit,
536 2517 666 2554 omnis
705 2526 836 2554 autern
871 2515 1016 2552 Christi
1067 2515 1178 2552 accio
1223 2523 1280 2553 est
1317 2522 1453 2550 nostra
1498 2513 1555 2549 in-

187 2588 231 2618 40
245 2575 431 2614 strucciO.

316 2769 346 2800 8.
372 2768 423 2799 De
450 2767 522 2800 Civ.
549 2767 651 2799 Dom.
679 2766 718 2808 ΙΙ,
746 2765 822 2799 238.
896 2777 926 2809 9.
956 2765 1233 2809 Chrysostomus
1260 2764 1280 2796 l.
1308 2775 1336 2797 c.
1423 2766 1475 2807 37.
1509 2766 1554 2798 St.

249 2814 406 2856 Gregorii
439 2814 476 2845 In
508 2814 571 2845 Ev.
596 2813 655 2845 lib.
680 2813 718 2853 II,
746 2814 851 2844 Hom.
876 2813 1024 2853 XXXIX,
1053 2813 1143 2854 Opp.
1169 2818 1253 2846 tom.
1279 2812 1303 2855 Ι,
1337 2810 1432 2853 1646.

1752 218 1830 255 457

1601 502 1750 537 Example
1770 502 1804 529 of

1571 537 1676 565 Christ
1696 536 1828 571 clearing

1602 573 1651 599 the
1671 571 1796 606 temple.

1631 1251 1756 1278 Parallel

1597 1287 1733 1313 between
1753 1285 1803 1312 the

1570 1322 1671 1356 clergy
1692 1319 1751 1347 and
1772 1319 1822 1345 the

1622 1354 1772 1388 stomach,
1816 1387 1822 1391 .

1577 1398 1612 1417 or
1632 1391 1681 1417 the
1702 1393 1769 1416 root
1788 1390 1819 1415 ot

1646 1434 1662 1452 a
1681 1429 1753 1452 tree.
