2050 3292
264 204 353 232 CAP.
373 191 488 248 XXV]
735 202 871 233 LIBER
897 200 1106 232 TERTIUS.

264 313 332 348 sed
347 323 391 347 ex
405 309 668 358 prevencione
690 307 820 355 gracie
839 306 1126 343 beatitudinem
1151 305 1258 341 iuxta
1279 305 1377 340 illud
1392 303 1572 352 Apostoli

265 371 377 406 Rom.
413 369 474 417 IX,
505 367 569 404 16:
612 367 696 402 Non
730 366 890 401 volentis
924 377 1039 413 neque
1071 363 1263 400 currentis
1295 363 1364 398 sed
1396 362 1472 397 Dei
1503 361 1572 397 mi-

263 426 425 463 serentis
456 432 530 469 est3
562 425 628 460 sed
664 435 708 459 ex
740 435 780 459 se
813 430 963 470 peccat,
998 435 1087 458 cum
1111 423 1217 457 Deus
1250 432 1322 456 nec
1355 418 1572 456 auctorisat

265 496 337 520 nec
370 482 581 520 necessitat
614 480 817 517 hominem
852 481 900 516 ad
934 481 1203 527 peccandum;
1248 478 1317 514 sed
1362 490 1403 513 ex
1443 489 1483 512 se
1517 485 1572 512 est

232 541 386 578 §nichil
430 540 647 577 secundum
681 538 915 585 Apostolum
950 538 1035 575 Gal.
1060 538 1119 583 vl,
1152 548 1174 584 3
1221 548 1303 571 cum
1350 546 1400 571 ex·
1441 547 1481 570 se
1519 541 1573 569 est

264 606 451 647 peccator
484 598 591 645 quod
625 604 681 632 est
714 587 1016 643 quodammodo
1051 606 1133 630 esse
1166 593 1294 629 nichil.

322 658 398 693 Sed
442 654 606 691 ulterius
649 654 872 689 notandum
918 654 1024 700 quod
1067 664 1146 687 non
1191 658 1351 698 oportet
1389 649 1420 685 si
1453 650 1573 685 homo

265 722 439 751 meretur
470 725 593 748 unum
619 710 952 756 convertibilium,
986 718 1081 745 tunc
1110 717 1284 744 meretur
1307 708 1574 756 quodcunque

263 784 396 808 secum
444 769 712 815 convertibile,
757 777 798 803 ut
831 770 989 804 Petrum
1036 768 1183 803 habere
1227 767 1262 802 Β
1306 766 1503 813 premium
1539 772 1575 799 et

212 844 248 864 10
263 832 389 865 Deum
423 829 522 864 scire
555 827 653 863 velle
684 826 745 862 vel
778 825 965 861 ordinare
990 826 1095 872 quod
1130 825 1275 860 habeat
1314 824 1451 859 datum
1486 834 1574 870 pre-

265 886 389 923 mium
423 893 513 921 sunt
544 883 818 921 convertibilia
837 882 969 931 quoad
992 881 1341 930 consequenciam,
1377 889 1414 916 et
1438 882 1573 915 Petrus

265 953 437 980 meretur
481 943 655 991 primum
703 950 739 977 et
777 953 895 988 super
928 941 1104 976 secundo
1137 952 1218 976 non
1252 939 1355 975 cadit
1389 939 1572 974 meritum

264 1015 351 1039 cum
388 1001 437 1037 sit
468 1010 662 1038 eternum.
710 1001 790 1035 Nec
822 1006 979 1046 oportet
1012 999 1042 1034 si
1073 999 1213 1033 Petrus
1247 1004 1434 1042 meretur,
1468 996 1574 1042 quod

263 1060 318 1096 sic
351 1060 557 1107 punietur3
592 1066 629 1093 et
661 1058 735 1092 hoc
769 1065 827 1092 est
861 1068 979 1092 causa
1003 1054 1191 1101 efficiens,
1226 1067 1349 1102 quare
1373 1056 1478 1089 Deus
1501 1052 1574 1088 scit

211 1119 389 1165 15ipsum
435 1116 491 1153 sic
534 1116 744 1163 premiare‚
790 1126 882 1161 ergo
916 1115 1054 1149 Petrus
1101 1120 1271 1149 meretur
1302 1114 1427 1147 Deum
1473 1110 1574 1147 scire

262 1177 392 1223 ipsum
425 1174 481 1210 sic
513 1171 719 1221 premiari.
768 1173 937 1219 Oportet
969 1172 1072 1207 enirn
1108 1172 1213 1219 quod
1247 1168 1443 1217 premium
1477 1168 1574 1203 illud

264 1241 445 1280 tempore
478 1239 667 1279 sequatur
700 1230 899 1265 meritum.
933 1231 981 1264 Et
1013 1237 1123 1276 patet
1145 1229 1252 1276 quod
1276 1240 1356 1263 non
1378 1227 1572 1274 sequitur:

265 1292 402 1326 Petrus
434 1302 514 1325 non
546 1296 677 1336 potest
701 1288 844 1323 mereri
867 1286 940 1323 sibi
964 1286 1203 1322 filiacionem
1229 1286 1337 1333 quod
1361 1284 1575 1332 requiritur

264 1350 313 1384 ad
356 1347 655 1390 beatitudinem,
702 1358 796 1392 ergo
840 1357 921 1381 non
960 1352 1089 1391 potest
1122 1343 1265 1380 mereri
1299 1342 1372 1379 sibi
1405 1341 1574 1378 beatitu-

205 1416 248 1439 20
264 1406 417 1450 dinem;
464 1403 695 1440 conceditur
729 1415 835 1450 ergo,
875 1404 981 1450 quod
1013 1414 1131 1438 nemo
1164 1408 1296 1449 potest
1326 1399 1399 1437 sibi
1434 1399 1576 1435 mereri

143 1463 225 1508 239‘1
262 1462 650 1511 predestinacionem
685 1473 775 1496 cum
809 1459 859 1496 sit
892 1468 1026 1496 eterna
1056 1457 1060 1510 l
1090 1459 1121 1496 si
1154 1468 1231 1505 est;
1264 1471 1337 1494 nec
1361 1457 1574 1506 quisquam

263 1529 395 1568 potest
429 1518 571 1556 mereri
604 1519 675 1555 sibi
710 1517 882 1566 primam
916 1518 1089 1565 graciam
1122 1518 1183 1553 vel
1217 1515 1454 1552 filiacionem
1490 1516 1574 1561 Dei,

262 1579 352 1614 licet
384 1578 507 1626 possit
539 1576 682 1612 mereri
715 1576 787 1612 sibi
820 1575 1120 1624 beatitudinem,
1160 1586 1234 1622 que
1272 1573 1443 1610 finaliter
1474 1581 1574 1608 tem-

262 1649 358 1684 pore
392 1642 668 1683 consequetur.
702 1635 819 1670 Unde
852 1634 1029 1669 solebam
1063 1632 1193 1668 dicere
1222 1633 1329 1680 quod
1352 1630 1495 1667 mereri
1520 1638 1576 1666 est

203 1696 244 1729 25
263 1702 486 1731 creaturan]
522 1692 765 1729 racionalem
802 1690 1055 1738 singulariter
1079 1690 1311 1738 dignificare
1335 1702 1376 1725 se
1399 1690 1449 1725 ad
1474 1700 1575 1724 mer—

263 1753 398 1788 cedem
458 1760 641 1798 tempore
698 1758 986 1797 consequente3
1032 1748 1209 1796 quamvis
1261 1749 1362 1783 enim
1418 1754 1574 1782 extense

261 1810 465 1857 loquendo
499 1810 616 1844 debet
648 1808 778 1843 facere
800 1806 1105 1856 predestinatus,
1140 1805 1327 1841 continue
1353 1804 1447 1840 facit
1469 1805 1574 1852 quod

262 1867 311 1902 sit
343 1866 650 1915 predestinatus,
685 1865 785 1901 sicut
808 1864 994 1900 continue
1018 1863 1113 1900 facit
1135 1864 1241 1911 quod
1269 1861 1575 1899 beatificabitur.

262 1925 408 1961 Verum
441 1932 577 1960 tamen
610 1923 675 1959 illa
708 1935 789 1958 non
822 1931 879 1958 est
912 1921 1038 1957 faccio
1071 1921 1304 1969 simpliciter
1336 1922 1404 1956 sed
1448 1919 1576 1956 faccio

206 1984 247 2015 30
263 1982 522 2029 incompleta,
570 1994 656 2017 cum
691 1981 834 2016 veritas
882 1979 1117 2027 contingens
1161 1978 1266 2015 facta
1310 1979 1371 2014 vel
1416 1985 1576 2014 causata

262 2039 450 2087 precessit
483 2038 711 2075 eternaliter
744 2037 1058 2087 factibilitatem3
1096 2037 1223 2072 faccio
1256 2043 1389 2072 autem
1424 2034 1576 2082 simpli-

262 2095 357 2133 citer
401 2106 471 2146 est,
524 2097 687 2144 quando
733 2108 853 2143 agens
897 2108 970 2143 pro
1016 2107 1205 2131 mensura
1249 2093 1442 2141 temporis
1487 2093 1578 2128 facit

264 2154 461 2201 effectum,
508 2153 668 2202 quando
713 2153 777 2189 ille
823 2153 984 2190 effectus
1029 2165 1110 2188 non
1144 2161 1214 2189 est.
1269 2153 1331 2188 Sic
1364 2163 1456 2198 ergo
1490 2163 1572 2198 pre-

263 2213 481 2249 destinacio
514 2211 780 2256 beatitudinis,
815 2210 1003 2247 futuricio
1037 2219 1074 2246 et
1107 2209 1253 2246 similia
1285 2222 1366 2245 non
1390 2216 1577 2256 poterunt

207 2271 245 2303 35
264 2282 347 2306 esse
395 2282 559 2315 merces,
611 2269 703 2305 licet
745 2268 824 2305 sint
870 2268 1189 2305 concomitancia
1234 2280 1324 2303 cum
1371 2267 1575 2312 mercede3

263 2328 408 2375 loquor
441 2336 572 2363 autem
608 2328 655 2362 de
688 2326 765 2362 illis
799 2326 1033 2370 formaliter,
1079 2334 1121 2361 ut
1165 2333 1254 2361 sunt
1287 2337 1348 2360 res
1381 2323 1575 2367 racionis;

265 2384 535 2422 essencialiter
579 2392 710 2420 autem
757 2383 956 2431 loquendo
990 2386 1094 2420 Deus
1140 2382 1284 2418 dicitur
1329 2394 1479 2417 merces
1517 2381 1578 2416 vel

264 2442 476 2490 premium,
525 2442 615 2490 quia
660 2450 716 2478 est
760 2441 961 2477 obiectum
1009 2453 1088 2489 quo
1132 2442 1269 2477 beatus
1309 2439 1577 2476 essencialiter

264 2500 498 2548 premiatur,
534 2499 601 2536 sed
632 2512 712 2535 non
742 2508 799 2535 est
821 2499 1044 2535 formaliter
1066 2497 1299 2546 premiacio,
1333 2498 1424 2545 quia
1447 2496 1578 2533 omnis

204 2570 249 2599 40
264 2557 354 2593 talis
388 2566 445 2593 est
478 2558 714 2604 contingens
747 2565 785 2593 et
812 2557 1043 2603 temporalis
1068 2567 1368 2603 presupponens
1393 2555 1576 2590 meritum

264 2617 481 2663 precedens
513 2624 704 2662 tanquam
739 2627 901 2650 causam
935 2613 1182 2661 simpliciterg
1227 2625 1300 2648 nec
1348 2620 1406 2649 est
1442 2613 1578 2648 incon-

264 2672 426 2709 veniens
459 2674 567 2720 quod
599 2685 722 2708 unum
757 2681 937 2708 eternum
973 2672 1196 2719 dependeat
1229 2672 1277 2706 ab
1311 2670 1451 2706 effectu
1481 2678 1577 2705 tem-

337 2803 383 2836 30.
404 2805 499 2833 Cod.:
518 2805 683 2840 puniatur.

1611 656 1678 682 ‘llic
1699 656 1793 682 limits
1814 656 1848 682 of

1590 690 1706 723 desem
1729 691 1798 717 how
1816 691 1862 717 far

1630 726 1679 751 the
1700 725 1772 759 gii'ts
1793 726 1826 752 of

1631 768 1719 794 grace
1740 768 1790 787 are
1812 768 1826 786 a

1660 796 1787 822 reward.
