2050 3292
272 212 360 242 CAP.
380 203 494 254 xxv]
737 214 871 245 LIBER
896 212 1105 244 TERTIUs.
1789 201 1865 250 581

273 321 348 358 dici
383 320 423 356 in
455 320 531 356 illis
563 319 637 356 nisi
672 318 895 366 originalia,
929 318 1086 354 videtur
1118 319 1225 365 quod
1259 329 1302 353 ex
1327 317 1581 352 multitudine

273 387 484 427 parentum
518 377 597 414 sint
630 376 841 424 originalia
875 377 1090 411 cumulata.

328 437 372 471 In
404 436 628 483 oppositum
675 443 767 470 sunt
812 435 995 469 doctores
1040 433 1151 468 multi
1198 441 1235 467 et
1267 431 1494 479 specialiter
1526 430 1582 466 illi
1642 438 1835 477 obj-ecfions7

272 494 340 542 qui
373 493 509 529 dicunt
542 493 649 540 quod
694 498 900 539 peccatum
936 489 1130 537 originale
1169 498 1228 525 est
1260 502 1359 536 pura
1393 488 1583 536 privacio.
1611 473 1858 534 ¹'Oi}¹f{1¹,¹¹e²}.¹es¹¹¹

240 554 372 589 §Nam
406 562 478 586 nec
511 549 689 598 privacio
733 561 806 584 nec
851 549 1014 595 negacio
1059 555 1189 594 potest
1223 546 1348 593 magis
1381 555 1418 582 et
1451 546 1583 581 minus
1650 542 1815 575 privation.

272 604 486 656 suscipere,
518 617 561 643 ut
594 618 732 643 omnes
767 606 834 653 qui
876 613 1015 641 carent
1056 605 1116 640 vel
1158 617 1238 639 non
1282 605 1430 640 habent
1473 603 1583 639 iusti-

273 666 388 713 ciam,
421 677 510 701 cum
546 665 662 700 aliter
694 664 794 699 foret
830 663 1005 699 medium
1039 661 1141 698 inter
1174 662 1431 697 contradicta.

330 722 532 765 Similiter,
578 722 684 758 iuxta
730 722 831 757 hanc
876 720 979 756 viam
1025 727 1271 767 sequeretur,
1318 720 1425 767 quod
1463 730 1583 765 genus
1616 725 1852 763 &illegitimate

272 781 492 816 humanum
516 780 705 816 continue
727 778 767 814 in
790 790 978 825 processu
1000 785 1183 825 peccaret
1208 775 1365 824 gravius
1388 777 1448 812 vel
1471 775 1584 812 aliter
1604 760 1864 821 chlijgggnmvgpgld

220 857 257 876 ιο
272 839 379 886 quod
414 838 545 885 proles
578 845 711 885 posset
743 835 979 872 naturaliter
1012 847 1092 870 non
1123 846 1304 883 peccare,
1337 846 1473 881 ymmo
1501 833 1583 869 nati
1627 829 1837 891 tciirziiihgiimsrisn.

272 897 319 931 de
364 894 560 931 adulterio
593 896 652 931 vel
697 894 847 930 incestu
892 901 1055 941 propter
1096 891 1363 928 maioritatem
1396 889 1583 927 bonitatis

273 953 556 1000 complexionis
580 962 790 1000 parentum
820 959 1037 999 peccarunt
1073 949 1202 985 minus
1235 949 1407 996 graviter
1439 948 1480 984 in
1512 960 1585 985 sua

271 1011 435 1059 origine,
469 1024 559 1047 cum
594 1019 674 1047 tam
710 1018 918 1058 peccatum
954 1016 1166 1056 parentum
1192 1015 1229 1042 et
1252 1006 1376 1054 prolis
1400 1005 1584 1042 videntur

272 1071 417 1106 habere
443 1070 632 1106 maiorem
653 1067 939 1105 connexionem
957 1078 1074 1114 quam
1099 1064 1276 1112 parentis
1300 1063 1522 1111 complexio
1546 1072 1582 1098 et

219 1134 255 1167 15
273 1128 395 1176 prolis
419 1136 642 1175 peccatum.
669 1129 722 1162 Ex
745 1138 825 1174 quo
840 1124 1008 1168 videtur,
1025 1124 1132 1171 quod
1147 1122 1215 1158 ubi
1231 1130 1288 1158 est
1312 1121 1441 1158 maior
1465 1121 1581 1168 culpa

272 1185 312 1222 in
336 1186 599 1233 procreando,
625 1185 727 1220 foret
750 1182 951 1230 originalis
976 1182 1092 1228 culpa
1116 1181 1272 1229 gravior
1293 1179 1332 1215 in
1356 1186 1579 1227 procreato.

330 1243 534 1288 Similiter,
570 1242 694 1289 captis
719 1241 872 1276 duobus
895 1239 1113 1275 infantibus
1137 1239 1203 1286 qui
1229 1249 1435 1285 nunquam
1470 1235 1580 1272 addi·
1597 1246 1674 1285 Case
1686 1245 1720 1273 of
1731 1245 1869 1285 children

273 1302 416 1337 derunt
448 1302 498 1337 ad
531 1308 695 1348 peccata
729 1297 939 1346 originalia
974 1297 1028 1333 sic
1053 1295 1260 1340 defunctis,
1292 1294 1450 1331 videtur
1473 1295 1581 1341 quod
1608 1281 1853 1344 dygfrgegrdgirgchrly

271 1358 421 1406 pariter
453 1358 668 1406 punientur
702 1365 738 1393 et
770 1368 839 1404 per
870 1366 1119 1402 consequens
1152 1365 1252 1401 eque
1284 1352 1457 1400 graviter
1488 1363 1580 1399 pec-

151 1419 234 1454 235⁶¹
272 1425 461 1453 caverunt
506 1424 543 1452 et
586 1427 656 1463 per
700 1414 806 1450 idem
842 1410 1011 1466 {omnia
1056 1410 1264 1459 originalia
1308 1411 1437 1446 forent
1480 1420 1580 1457 eque

271 1473 417 1521 gravia.
452 1475 552 1510 Nam
586 1473 738 1509 nullum
773 1478 979 1519 peccatum
1015 1479 1071 1506 est
1104 1481 1221 1516 grave
1253 1468 1329 1504 nisi
1359 1469 1406 1503 de
1429 1475 1580 1515 quanto

272 1531 389 1567 fuerit
421 1531 711 1575 voluntarium3
756 1530 825 1565 sed
868 1538 1085 1576 utrumque
1117 1526 1284 1562 istorum
1318 1533 1578 1573 peccatorum

270 1590 389 1626 habet
419 1597 575 1625 tantum
610 1590 657 1624 de
688 1586 929 1632 voluntario,
969 1598 1062 1633 ergo
1101 1592 1138 1620 et
1167 1592 1323 1620 tantum
1365 1585 1412 1619 de
1444 1594 1580 1630 grave-

270 1646 362 1683 dine
405 1659 520 1694 pene.
574 1649 672 1682 Nam
719 1646 883 1681 omnino
930 1653 986 1680 est
1031 1652 1140 1679 extra
1183 1649 1422 1690 potestatem
1457 1640 1580 1688 prolis

213 1707 252 1741 25
270 1703 492 1752 complexio
524 1704 585 1740 vel
616 1711 823 1751 peccatum
858 1709 1081 1750 parentum.
1127 1702 1232 1737 Deus
1272 1711 1366 1747 ergo
1399 1698 1466 1747 qui
1496 1710 1579 1734 non

268 1770 400 1810 potest
432 1774 624 1810 personas
658 1761 839 1809 accipere
864 1760 1109 1808 differenter,
1143 1770 1223 1794 non
1246 1756 1406 1805 puniret
1430 1756 1580 1804 pariter

268 1820 341 1856 sibi
375 1819 552 1867 ingratos
585 1819 809 1867 dispariter,
843 1830 916 1854 nec
949 1817 1099 1865 pariter
1121 1815 1195 1852 sibi
1219 1815 1397 1863 ingratos
1420 1813 1581 1862 puniret

267 1887 348 1914 tam
383 1877 613 1925 dispariter3
658 1878 708 1913 ad
740 1876 838 1924 quid
872 1888 964 1923 ergo
1005 1883 1158 1911 crearet
1197 1885 1353 1909 summe
1385 1872 1510 1908 iustus
1543 1880 1581 1908 et

271 1934 494 1972 misericors
524 1934 678 1971 animas
707 1943 900 1982 tanquam
932 1942 1135 1969 creaturas
1165 1944 1255 1967 suas
1285 1933 1334 1967 ad
1358 1939 1439 1966 tam
1471 1929 1578 1966 diffe-

215 1998 256 2029 30
270 2001 402 2029 renter
435 1994 750 2040 dampnandum,
786 1990 1012 2039 specialiter
1040 2003 1128 2026 cum
1153 1988 1390 2025 naturaliter
1413 1987 1582 2035 diligunt

270 2051 401 2098 Deum
447 2058 483 2086 et
525 2050 674 2086 nullam
722 2049 918 2086 actualem
952 2047 1282 2096 ingratitudinem
1316 2045 1580 2082 addiderunt?

203 2113 232 2143 H
330 2110 370 2144 In
414 2107 488 2144 ista
534 2107 700 2144 materia
744 2116 821 2144 stat
855 2119 1000 2154 magna
1038 2104 1211 2142 nominis
1246 2103 1416 2140 variacio
1448 2103 1489 2139 in
1523 2102 1580 2138 di-
1623 2110 1690 2138 The
1709 2111 1774 2139 first
1795 2110 1841 2138 sin

270 2165 455 2202 versitate
487 2165 686 2213 opinionis
719 2167 767 2202 de
799 2164 1023 2213 quantitate
1055 2162 1261 2210 originalis
1289 2160 1454 2209 peccati.
1489 2161 1580 2196 Ideo
1595 2147 1869 2208 gatshgpelponrzagg

271 2223 477 2272 supposita
511 2223 785 2271 descripcione
817 2222 1010 2270 predicta,
1044 2221 1199 2258 videtur
1228 2219 1348 2256 michi
1372 2219 1580 2267 probabile
1604 2216 1861 2280 flgvtlgsstthfffllOfflVr

216 2288 254 2321 35
272 2283 378 2330 quod
418 2294 540 2317 unum
575 2290 783 2329 peccatum
817 2280 1005 2328 originale
1039 2279 1088 2315 sit
1121 2278 1275 2326 reliquo
1323 2279 1460 2315 maius.
1503 2279 1601 2327 Pro,
1647 2260 1820 2322 εξιυεεάοῗυξν

271 2352 351 2387 quo
384 2340 604 2375 notandum
639 2340 746 2387 quod
779 2338 955 2386 primum
989 2344 1197 2384 peccatum
1224 2335 1396 2372 hominis
1425 2335 1495 2371 fuit
1527 2322 1725 2370 Sicinfected
1750 2326 1868 2350 nature.

270 2396 540 2433 voluntarium
586 2398 694 2445 quod
734 2396 923 2444 precessit
966 2403 1175 2443 peccatum
1219 2402 1372 2439 nature,
1417 2401 1459 2429 ut
1495 2400 1580 2428 tota

272 2455 389 2502 culpa
421 2454 615 2490 redundet
645 2454 685 2489 in
720 2462 959 2499 creaturam,
996 2455 1076 2489 Deo
1117 2460 1302 2487 manente
1334 2449 1580 2498 inseparabi-

271 2512 359 2549 liter
391 2512 605 2560 inculpato,
651 2520 689 2548 et
721 2523 840 2548 omne
884 2522 1054 2559 sequens
1093 2518 1301 2557 peccatum
1337 2507 1511 2544 hominis
1545 2515 1582 2543 et

214 2587 259 2619 40
273 2582 318 2607 ex
354 2570 575 2607 infeccione
612 2578 753 2606 nature
791 2568 1071 2605 necessitatum
1106 2566 1374 2604 voluntarium
1421 2565 1580 2608 dicitur,

273 2628 376 2665 sicut
406 2640 505 2676 opus
528 2626 701 2664 hominis
723 2626 946 2663 voluntarie
970 2626 1201 2662 inchoatum
1223 2632 1580 2673 quantumcunque

273 2686 507 2723 successerit
529 2684 674 2721 dicitur
696 2684 987 2731 voluntarium;
1020 2683 1116 2731 quia
1143 2683 1258 2719 aliter
1290 2682 1446 2718 nullutn
1480 2693 1580 2729 opus

343 2820 389 2856 39,
409 2830 459 2855 40.
481 2820 576 2849 Cod.:
597 2821 730 2848 hominis
749 2822 777 2847 et
795 2819 911 2848 dicitur
929 2818 1148 2848 voluntarium.
