2050 3292
197 243 278 290 448

213 883 259 909 Ile
281 890 350 917 may
371 883 447 909 have

213 923 243 944 lo
264 926 302 953 go
322 922 352 944 to
373 925 446 950 war,

227 952 327 979 which
349 959 441 988 many

213 986 351 1014 councils
373 986 448 1014 have

247 1021 423 1049 forbidden.

912 248 970 279 DE
1000 245 1136 278 CIVILI
1163 246 1374 278 DOMINIO.
1593 232 1700 288 [CAP.
1722 241 1801 269 XXI.

487 369 530 392 ex
568 356 860 404 irregularitate
898 361 1087 401 sequente
1126 359 1350 400 repugnant
1384 351 1545 394 clericis,
1591 358 1701 398 patet
1733 363 1803 399 per

486 415 678 463 quotlibet
723 413 839 461 leges,
890 414 991 448 Nam
1037 412 1074 447 in
1117 411 1239 447 veteri
1283 417 1521 446 testamento
1566 409 1690 445 David
1732 409 1803 445 fuit

485 473 703 520 prohibitus
728 470 913 507 edificare
935 469 1129 517 templum
1154 469 1339 513 Domino,
1371 468 1462 516 quia
1486 467 1547 502 vir
1568 467 1802 517 sanguinum

485 530 582 579 suit,
618 538 659 565 ut
692 537 801 576 patet
833 530 863 563 II
887 528 1057 574 Paralip.
1091 528 1191 563 Cum
1223 527 1338 574 igitur
1369 527 1408 561 in
1431 537 1534 561 novo
1560 532 1802 562 testamento

485 588 711 625 sacerdotes
758 587 901 623 debent
945 597 1028 621 esse
1074 584 1357 632 spiritualiores
1411 584 1501 632 quia
1547 583 1674 619 clerici
1720 595 1801 619 non

486 646 597 693 layci,
631 653 669 682 et
702 645 789 692 plus
815 652 872 680 est
902 643 1084 679 edificare
1107 642 1303 690 templum
1326 640 1528 688 spirituale
1552 640 1802 677 conficiendo

486 716 631 750 corpus
656 703 798 739 Christi
822 714 944 750 quam
967 701 1161 748 templum
1186 699 1388 736 materiale
1411 699 1649 744 Salomonis,
1674 699 1802 735 multo

488 763 608 809 magis
653 761 830 797 illicitum
877 768 934 795 est
978 759 1175 795 sacerdoti
1219 758 1315 793 illud
1360 757 1552 794 officium.
1607 758 1720 794 Unde
1764 758 1801 792 in

486 831 639 855 canone
662 819 781 854 XXIII
804 819 1009 866 questione
1031 818 1116 853 VIII
1142 829 1184 852 ex
1208 816 1339 852 multis
1364 815 1535 851 conciliis
1564 823 1655 851 sunt
1687 823 1803 863 quot-

484 878 578 913 libet
594 878 751 913 decreta
769 876 817 911 ad
840 876 936 911 illud
952 876 1152 914 sonancia.
1173 876 1275 910 Nam
1298 875 1336 909 in
1353 873 1521 910 concilio
1537 873 1801 909 Tribueriensi

485 943 678 971 statutum
702 936 754 971 sic
777 935 971 982 loquitur:
1003 933 1224 981 Quicunque
1256 931 1419 968 clericus
1451 938 1517 967 aut
1549 930 1585 966 in
1618 931 1715 967 bello
1738 939 1804 967 aut

487 994 521 1029 in
563 993 654 1029 rixa
694 1000 759 1028 aut
798 992 834 1027 in
873 992 974 1027 ludis
1011 991 1215 1042 gentilium
1250 997 1426 1026 mortuus
1454 988 1585 1038 fuerit
1616 1000 1735 1037 neque
1766 990 1802 1025 in

487 1051 683 1087 oblacione
730 1061 848 1099 neque
891 1050 927 1085 in
976 1048 1157 1085 oracione
1194 1060 1271 1097 pro
1311 1059 1352 1083 eo
1387 1047 1620 1096 postuletur,
1666 1047 1736 1083 sed
1767 1048 1802 1083 in

486 1121 622 1145 manus
644 1108 787 1144 incidat
808 1107 954 1145 iudicis.
986 1104 990 1159 l
1020 1108 1067 1143 Et
1100 1108 1277 1155 sequitur
1303 1117 1345 1141 ex
1369 1106 1534 1142 concilio
1556 1105 1802 1142 Tholetano:

493 1167 637 1203 Clerici
658 1166 723 1215 qui
743 1166 779 1201 in
803 1177 1024 1214 quacunque
1036 1165 1219 1214 faccione
1237 1176 1350 1200 arma
1371 1163 1539 1199 volentes
1567 1166 1803 1212 sumpserint

487 1225 643 1274 reperti,
677 1224 818 1260 amisso
842 1223 992 1260 ordinis
1012 1223 1217 1273 suigraa’u
1241 1223 1275 1257 in
1299 1222 1533 1258 monasterio
1551 1221 1805 1271 perhenniter

487 1283 759 1320 detrudantur.
795 1284 843 1318 Et
875 1294 919 1318 ex
952 1282 1116 1318 concilio
1140 1280 1330 1317 Meldensi
1357 1281 1552 1328 sequitur:
1583 1279 1804 1329 Quicunque

488 1354 538 1377 ex
576 1342 680 1377 clero
721 1341 899 1376 videntur
937 1352 1016 1376 esse
1055 1352 1168 1375 arma
1207 1338 1394 1374 militaria
1434 1350 1506 1374 non
1545 1345 1700 1374 sumant
1737 1351 1804 1374 nec

487 1399 633 1435 armati
663 1399 840 1434 incedant
871 1399 938 1434 sed
964 1396 1222 1446 professionis
1254 1409 1320 1432 sue
1353 1396 1579 1432 vocabulum
1609 1396 1804 1447 religiosis

488 1458 660 1493 moribus
703 1464 737 1492 et
783 1456 967 1506 religioso
1015 1455 1144 1491 babitu
1197 1455 1396 1503 prebeant.
1463 1454 1578 1499 Quod
1635 1454 1671 1490 si
1716 1467 1802 1491 con-

487 1515 712 1564 tempserint
751 1522 931 1562 tanquam
971 1526 1178 1549 sacrorum
1218 1525 1406 1548 canonum
1447 1520 1731 1560 contemptores
1769 1520 1804 1548 et

488 1573 743 1610 ecclesiastice
794 1572 1039 1608 auctoritatis
1088 1572 1404 1620 proplzanatores
1449 1571 1608 1620 proprii
1650 1571 1805 1621 gradus

487 1632 690 1667 amissione
713 1631 936 1673 multentur,
960 1630 1046 1678 quia
1071 1642 1142 1665 non
1157 1637 1319 1678 possunt
1351 1629 1466 1664 simul
1492 1629 1576 1664 Deo
1610 1636 1645 1664 et
1675 1629 1804 1665 seculo

488 1690 669 1725 militare.
734 1691 828 1725 Item
875 1689 1096 1724 secundum
1138 1687 1376 1735 Apostolum
1422 1688 1447 1724 I.
1482 1687 1611 1724 Thim.
1651 1688 1711 1732 ΙΙΙ,
1758 1698 1802 1735 3:

495 1748 657 1797 Oportet
696 1747 914 1796 episcopum
955 1758 1036 1782 esse
1074 1758 1147 1781 non
1183 1757 1471 1794 percussorem,
1515 1746 1631 1792 igitur
1677 1745 1803 1781 multo

490 1808 611 1854 magis
635 1817 716 1841 non
740 1806 909 1841 hominis
938 1806 1172 1840 occisorem.
1207 1805 1321 1840 Unde
1345 1804 1465 1839 XXIII
1488 1804 1696 1850 questione
1717 1804 1802 1839 VIII

489 1876 531 1900 ex
566 1864 731 1900 concilio
754 1863 979 1899 Tholetano
1013 1863 1064 1898 sic
1099 1862 1299 1897 scribitur:
1334 1861 1423 1897 Hiis
1445 1873 1466 1896 a
1490 1861 1624 1909 quibus
1646 1861 1806 1896 Domini

487 1928 732 1958 sacramenta
765 1921 971 1956 tractanda
999 1928 1087 1955 sunt
1109 1919 1289 1955 iudicium
1321 1919 1524 1969 sanguinis
1553 1919 1709 1969 agitare
1731 1931 1803 1954 non

488 1981 596 2025 licet;
627 1987 662 2015 et
693 1979 777 2014 ideo
806 1991 951 2029 magno
974 1990 1087 2027 opere
1109 1978 1249 2014 talibus
1272 1977 1491 2013 excessibus
1518 1976 1802 2026 prohibendum

488 2045 556 2087 est,
590 2050 634 2073 ne
659 2037 870 2073 indiscrete
901 2036 1211 2085 presumpcionis
1242 2036 1404 2071 motibus
1436 2035 1578 2085 agitati
1607 2042 1673 2070 aut
1704 2035 1805 2083 quod

489 2103 614 2132 morte
631 2095 877 2144 plectendum
903 2102 958 2131 est
979 2094 1171 2130 sentencia
1189 2094 1356 2142 propria
1384 2094 1557 2129 iudicare
1574 2100 1805 2141 presumant

487 2161 553 2189 aut
585 2152 853 2189 truncaciones
891 2152 1118 2201 quibuslibet
1151 2152 1333 2200 personis
1359 2164 1434 2200 per
1464 2163 1505 2186 se
1536 2151 1707 2199 inferant
1738 2158 1805 2186 aut

488 2212 714 2260 inserendas
731 2211 962 2259 precipiant.
994 2211 1108 2254 Quod
1138 2210 1172 2244 si
1202 2210 1400 2258 quisquam
1430 2210 1567 2245 horum
1602 2209 1805 2244 immemor

483 2277 757 2319 preceptorum
798 2276 863 2304 aut
902 2269 937 2303 in
977 2268 1132 2304 ecclesie
1170 2280 1237 2303 sue
1263 2267 1435 2315 fainulis
1471 2275 1539 2302 aut
1577 2267 1804 2314 quibuslibet

483 2327 659 2377 personis
690 2327 768 2361 tale
798 2327 945 2374 aliquid
966 2326 1125 2374 fecerit,
1157 2326 1327 2361 concessi
1347 2325 1496 2361 ordinis
1523 2325 1528 2372 Ι
1557 2325 1703 2361 honore
1719 2324 1800 2373 pri-

490 2393 600 2422 vetur
632 2393 667 2421 et
699 2385 795 2428 loco,
827 2385 894 2420 sub
924 2391 1113 2433 perpetuo
1145 2395 1293 2432 quoque
1316 2382 1606 2432 dampnacionis
1628 2390 1805 2418 teneatur

488 2443 690 2494 ergastulo
735 2442 937 2493 religatus.
991 2444 1088 2478 Item
1134 2454 1272 2477 omnes
1317 2442 1542 2478 sacerdotes
1581 2441 1722 2478 Christi
1767 2449 1803 2476 et

488 2501 707 2549 specialiter
745 2501 917 2547 episcopi
951 2501 1096 2536 debent
1129 2501 1340 2535 observare
1373 2498 1519 2535 Christi
1558 2497 1722 2535 consilia
1756 2499 1803 2535 de

489 2560 681 2607 paciendo
728 2559 900 2603 iniurias,
946 2571 1036 2594 cum
1082 2558 1227 2593 debent
1265 2569 1348 2593 esse
1386 2558 1552 2605 proximi
1585 2557 1803 2593 imitatores

1821 885 1861 906 10

1847 1105 1923 1139 iffiib

1823 1164 1859 1197 15

1821 1465 1861 1486 20

1821 2037 1862 2069 30

490 2616 646 2667 Christi,
683 2617 749 2664 qui
788 2617 1008 2652 secundum
1040 2616 1144 2651 beati
1178 2616 1281 2651 Petri
1312 2616 1578 2651 testimonium
1618 2627 1701 2651 cum
1731 2627 1802 2663 pa-
1817 2626 1862 2657 40

560 2750 580 2769 1.
602 2741 696 2769 Cod.2
716 2741 885 2776 repugnat.
956 2737 1002 2766 30.
1023 2739 1118 2766 Cod.:
1137 2738 1270 2773 agitari.

560 2824 591 2856 9.
630 2813 767 2845 Decreti
812 2813 964 2845 secunda
1007 2822 1096 2854 pars,
1142 2821 1244 2843 causa
1281 2810 1397 2852 XXIII⁷
1443 2820 1476 2851 q.
1509 2809 1595 2850 VIII,
1634 2818 1708 2849 cap.
1748 2809 1803 2839 IV.

496 2870 545 2903 14.
573 2860 655 2904 Cap.
680 2860 722 2894 V.
800 2870 850 2902 17.
878 2859 960 2903 Cap.
979 2858 1035 2890 VI.
1094 2857 1146 2892 26.
1162 2858 1246 2900 Cap.
1266 2857 1367 2889 XXX.
1439 2866 1495 2897 40.
1522 2855 1544 2888 I.
1572 2854 1714 2898 petrin,
1744 2855 1797 2888 23.
