2050 3292
204 234 284 271 594

208 806 256 834 No
279 806 323 832 sin
346 804 371 832 is
394 809 423 831 lo
446 805 481 831 be

225 841 391 874 compared
417 840 464 866 for

237 875 354 909 gravity
375 874 446 901 with

244 911 308 936 that
327 909 361 936 of
378 909 446 936 final

243 945 449 979 impenitence

240 979 341 1006 which
363 979 451 1005 alone

296 1021 403 1040 causes

239 1048 455 1082 dampnation.

224 2078 272 2105 All
296 2078 360 2104 sius
380 2078 414 2104 of
431 2078 480 2104 tlte

252 2113 461 2146 predestinate

235 2156 284 2174 are
306 2148 477 2181 pardoned.

229 2427 296 2454 The
319 2425 435 2460 pardou
458 2425 483 2451 is

254 2460 386 2495 through
408 2461 457 2487 tlte

262 2495 400 2522 accident
420 2498 451 2521 ot

231 2529 490 2564 predestination;

219 2567 268 2591 tlte
295 2565 341 2591 siu
362 2564 392 2591 in
414 2564 495 2591 itselt

928 225 986 256 DE
1016 223 1149 255 crvttit
1177 221 1385 253 mommio.
1589 205 1692 262 [CAP.
1714 214 1809 242 xxv.

497 333 730 371 conceditur
775 341 910 369 tamen
955 331 1073 378 quod,
1119 331 1219 365 sicut
1251 328 1378 365 omnis
1417 326 1710 375 predestinatus
1742 338 1810 362 ne-

495 391 671 429 cessario
705 389 921 427 salvabitur
956 388 1011 425 sic
1051 386 1278 424 necessario
1318 385 1579 434 baptisabitur
1610 386 1810 432 baptismo

495 450 670 487 flaminis
715 457 751 485 et
794 456 929 484 tamen
963 445 1334 493 contingentissime
1367 451 1495 491 potest
1533 443 1743 491 dampnari
1777 451 1813 478 et

495 521 575 545 non
609 506 818 556 baptisari3
853 514 890 541 et
922 505 978 541 sic
1011 513 1222 552 peccatum
1251 502 1443 550 originale
1471 500 1633 549 presciti
1657 501 1811 537 deletur

494 566 737 613 incomplete
768 576 858 600 cum
894 562 1024 600 reddit
1056 561 1218 598 racione
1253 560 1382 596 finalis
1406 559 1687 608 inpenitencie,
1721 560 1810 595 licet

494 637 575 660 non
608 622 826 659 secundum
862 621 1047 657 ultimum
1072 620 1281 667 singulare.
1312 619 1393 654 Nec
1418 625 1473 654 est
1496 618 1671 653 defectus
1694 616 1810 653 huius

495 680 725 717 dileccionis
771 679 1006 727 simpliciter
1049 679 1088 713 in
1120 676 1324 714 sacerdote
1357 675 1543 724 baptismi
1576 677 1643 711 sed
1677 675 1716 711 in
1748 687 1810 711 ve-

496 739 634 777 cordia
667 737 855 786 baptisati
888 736 955 784 qui
990 735 1161 772 finaliter
1193 742 1474 782 perseveraret.

555 799 602 832 Et
635 803 828 844 qnantum
863 795 912 830 ad
947 795 1198 842 gravedinem
1239 791 1392 841 peccati
1426 792 1564 827 dicitur
1600 792 1706 839 quod
1742 792 1809 826 du-

498 854 652 903 pliciter
699 861 966 898 mensuratur,
1012 851 1161 887 scilicet
1207 863 1274 897 per
1319 862 1359 886 se
1390 850 1450 885 vel
1495 861 1564 896 per
1605 849 1808 894 accidens3

498 920 692 960 quantum
727 913 776 947 ad
810 910 1012 946 racionem
1047 909 1273 957 generalem
1305 909 1457 955 peccati
1481 907 1680 954 originalis
1705 908 1811 942 nude

499 978 535 1006 et
566 982 635 1018 per
667 982 707 1005 se
741 969 1033 1005 consideratam
1080 967 1236 1003 nullum
1270 965 1309 1001 in
1343 965 1534 1013 gravitate
1568 964 1720 1001 excedit
1754 978 1812 1001 re-

498 1028 648 1076 liquum
694 1026 876 1075 quamvis
911 1025 1225 1061 diversificentur
1258 1024 1473 1060 secundum
1510 1023 1692 1059 raciones
1725 1036 1812 1071 spe—

500 1087 636 1129 ciales;
669 1097 741 1121 nec
766 1085 885 1121 habet
907 1084 1069 1131 aliquod
1093 1090 1299 1131 peccatum
1327 1082 1423 1118 citra
1453 1090 1657 1129 peccatum
1684 1082 1813 1118 finalis

499 1143 764 1192 inpenitencie
810 1142 1063 1190 gravedinem
1097 1141 1157 1177 vel
1202 1140 1437 1188 dignitatem
1483 1141 1532 1175 ad
1566 1152 1709 1187 penam
1744 1152 1814 1187 per

500 1214 540 1238 se
574 1210 703 1249 preter
737 1213 881 1248 penam
923 1198 1179 1235 essencialem
1216 1211 1291 1246 que
1337 1207 1393 1234 est
1426 1198 1599 1246 privacio
1633 1197 1813 1234 amicicie

499 1259 571 1295 l)ei
606 1268 642 1295 et
676 1258 851 1307 privacio
884 1258 978 1293 boni
1010 1256 1163 1293 virtutis
1197 1265 1233 1292 et
1266 1257 1406 1299 meriti,
1440 1268 1560 1304 quam
1586 1255 1813 1304 philosophi

500 1330 581 1354 non
615 1316 914 1353 considerantes
948 1317 995 1351 de
1029 1314 1325 1363 dampnacione
1360 1323 1553 1362 perpetua
1576 1323 1812 1361 posuerunt3

500 1375 630 1423 ipsum
666 1384 797 1411 autem
832 1376 1041 1422 peccatum
1076 1375 1115 1409 in
1148 1373 1335 1420 Spiritum
1371 1373 1559 1408 Sanctum
1596 1373 1714 1408 habet
1746 1385 1814 1420 per

500 1446 540 1470 se
574 1433 805 1481 dignitatem
838 1432 898 1467 vel
931 1430 1179 1479 gravitatem,
1213 1439 1255 1466 ut
1277 1439 1467 1478 perpetuo
1491 1430 1686 1478 puniatur.
1722 1432 1845 1466 Ideoz

499 1493 629 1539 ipsum
664 1499 721 1527 est
763 1491 815 1526 sic
860 1502 930 1538 per
962 1502 1002 1526 se
1036 1489 1303 1537 dampnabile,
1335 1484 1339 1541 l
1369 1488 1447 1524 alia
1485 1496 1615 1524 autem
1651 1497 1814 1536 peccata

500 1549 630 1597 ipsum
679 1547 998 1585 concomitancia
1043 1559 1113 1595 per
1157 1546 1344 1583 accidens
1389 1545 1592 1594 accipiunt
1634 1548 1681 1582 ab
1727 1547 1813 1594 ipso

501 1608 753 1654 gravedinem
789 1614 826 1642 et
857 1604 1229 1653 dampnabilitatem
1271 1613 1306 1640 et
1339 1605 1391 1640 sic
1425 1605 1691 1652 quodcunque
1724 1617 1813 1652 pec-

502 1673 632 1701 catum
680 1663 841 1713 presciti
886 1672 942 1699 est
986 1663 1025 1699 in
1069 1662 1266 1698 infinitum
1312 1662 1464 1709 gravius
1497 1674 1618 1710 quam
1653 1662 1812 1710 aliquod

502 1731 708 1771 peccatum
743 1721 1003 1769 predestinati
1036 1721 1311 1757 concomitans
1344 1732 1414 1768 per
1447 1721 1629 1756 accidens
1654 1721 1702 1756 ad
1725 1733 1814 1768 pec·
1857 1726 1871 1757 5

503 1788 632 1817 catum
680 1779 809 1816 finalis
860 1779 1138 1827 inpenitencie.
1193 1780 1307 1815 Unde
1351 1781 1456 1814 Deus
1501 1791 1581 1814 non
1626 1778 1817 1826 dampnat

502 1840 674 1887 aliquem
708 1846 901 1886 perpetuo
926 1837 1001 1873 nisi
1034 1837 1277 1884 superaddat
1301 1837 1350 1872 ad
1379 1845 1586 1884 peccatum
1621 1836 1817 1884 originale

501 1897 563 1934 vel
607 1897 830 1944 temporale
875 1904 1081 1943 peccatum
1128 1895 1258 1931 finalis
1302 1893 1567 1942 inpenitencie
1606 1894 1708 1930 sicut
1746 1907 1818 1932 nec

504 1954 705 1991 beatificat
737 1953 909 2001 aliquem
944 1953 1015 1989 nisi
1052 1953 1175 1989 filium
1208 1953 1476 1989 communiter
1509 1952 1558 1988 ad
1579 1953 1815 1989 Trinitatem

503 2012 711 2061 tripliciter
744 2013 991 2059 adoptatum.

562 2071 621 2106 Ad
646 2070 864 2106 secundum
888 2078 996 2117 patet
1028 2070 1135 2116 quod
1159 2068 1389 2116 oppositum
1421 2068 1598 2116 sequitur
1622 2081 1664 2104 ex
1689 2068 1814 2114 dictis,

506 2142 592 2165 cum
627 2127 757 2164 omnis
782 2127 1071 2176 predestinatus
1094 2128 1317 2162 necessario
1341 2126 1556 2163 absolvitur
1584 2126 1818 2175 simpliciter

506 2200 527 2223 a
550 2198 789 2234 quocunque
812 2195 977 2234 peccato
1000 2187 1106 2234 quod
1131 2185 1277 2229 fecerit,
1301 2184 1403 2220 sicut
1420 2193 1455 2220 et
1473 2197 1593 2220 omne
1611 2194 1815 2232 peccatum

506 2257 620 2281 suum
657 2246 704 2280 de
736 2243 971 2280 necessitate
1005 2252 1041 2279 et
1076 2243 1359 2291 supposicione
1393 2243 1613 2279 remittitur.
1668 2243 1743 2279 Sed
1782 2252 1818 2279 et

506 2302 666 2351 presciti
701 2303 846 2338 liabent
868 2301 1166 2338 absolucionem
1200 2310 1236 2337 et
1258 2300 1532 2337 remissionem
1558 2310 1814 2348 peccatorum

507 2373 671 2397 suorum
705 2360 793 2396 licet
826 2360 1040 2408 inperfecte
1074 2360 1233 2395 racione
1266 2371 1332 2395 sue
1366 2359 1492 2395 finalis
1525 2358 1707 2394 stulticie.

566 2418 736 2454 Ulterius
770 2418 911 2453 dicitur
940 2418 1046 2465 quod
1079 2430 1198 2453 omne
1232 2427 1436 2464 peccatum
1472 2416 1731 2464 predestinati
1766 2425 1821 2453 est

508 2489 578 2524 per
610 2475 794 2512 accidens
828 2475 1071 2521 remissibile,
1107 2477 1198 2523 quia
1232 2488 1273 2511 ex
1307 2476 1437 2522 gracia
1464 2474 1820 2522 predestinacionis

509 2547 588 2582 qua
612 2543 800 2581 peccator
828 2542 959 2581 potest
994 2545 1128 2569 carere
1161 2535 1229 2569 sed
1262 2545 1341 2568 non
1379 2534 1427 2568 ab
1461 2544 1506 2568 ea
1539 2533 1693 2575 cadere,
1730 2545 1817 2568 cum

1829 564 1843 595 5

1830 864 1869 884 10

1833 1145 1869 1177 15

1854 1494 1934 1533 241⁸

1832 1735 1847 1755 u

1835 2302 1873 2335 35

239 2600 264 2626 is.
285 2607 317 2626 as
339 2603 423 2633 great
444 2607 475 2624 as
510 2592 576 2627 illa
599 2604 679 2627 non
703 2600 832 2639 potest
855 2593 1043 2629 desinere.
1077 2593 1130 2627 Ex
1154 2604 1233 2639 quo
1261 2599 1367 2638 patet
1390 2592 1496 2638 quod
1530 2591 1820 2637 predestinatus
1836 2604 1879 2632 40

219 2634 246 2661 if
260 2633 439 2660 committed
457 2634 493 2661 bv

240 2668 289 2695 the
310 2664 485 2702 reprobatos

510 2658 640 2697 potest
664 2650 873 2697 dampnari
897 2662 969 2697 pro
993 2661 1231 2697 quocunque
1257 2648 1413 2684 mortali
1438 2649 1544 2696 quod
1576 2647 1820 2684 commiserit

511 2707 611 2743 sicut
654 2707 849 2755 prescitus
894 2709 941 2743 de
974 2719 1211 2755 quocunque
1244 2715 1408 2755 peccato
1446 2705 1659 2753 temporali
1693 2712 1821 2753 potest

582 2839 620 2867 13.
643 2840 740 2868 Codss:
762 2840 1000 2875 durisfficentur.
1025 2840 1070 2867 Cf.
1092 2840 1135 2867 De
1157 2839 1223 2867 Civ.
1244 2840 1335 2867 Dom.
1357 2839 1378 2874 Ι,
1401 2847 1437 2874 74
1457 2839 1475 2865 1.
1497 2847 1516 2872 4
1537 2843 1563 2865 et
1584 2843 1645 2865 not.
1667 2838 1733 2865 crit.
