2050 3292
224 211 305 258 656

272 334 448 368 Summary.

254 1444 352 1480 cnap.
374 1444 483 1472 xviii.

271 2254 369 2290 Chap.
391 2254 470 2282 XIX.

939 216 998 247 DE
1027 215 1164 247 CIVILI
1192 215 1401 248 DOMINIO.
1578 205 1686 259 [CAP.
1702 212 1826 243 xxvii.

512 323 577 359 illc
623 335 702 359 non
750 330 987 370 repugnant,
1034 322 1278 358 concludens
1324 334 1367 358 ex
1414 322 1489 358 hoc
1522 321 1662 371 triplex
1696 335 1826 359 corre-

512 381 670 420 larium.
727 381 918 426 Primum,
972 381 1080 428 quod
1131 380 1223 416 licet
1267 392 1371 427 papa
1419 381 1537 416 habet
1587 385 1825 428 potestatem

514 437 714 475 condendi
756 439 861 486 leges
905 437 1141 483 contrarias,
1195 450 1275 474 non
1322 447 1457 474 tamen
1509 437 1715 486 oppositas
1767 439 1827 474 vel

515 495 722 533 moraliter
764 495 1005 539 contrarias;
1058 496 1292 542 secundum,
1345 494 1438 532 licet
1485 494 1573 543 quis
1626 496 1827 544 dispenset

514 563 656 591 contra
688 554 793 602 leges
825 554 1001 602 alterius,
1035 566 1115 590 non
1138 563 1272 589 tamen
1296 565 1339 589 ex
1361 553 1437 589 hoc
1466 553 1668 601 dispensat
1690 555 1860 590 contra5

514 611 664 660 ipsumg
711 624 755 648 ex
799 624 878 660 quo
917 611 1037 648 infert
1075 610 1309 659 simpliciter
1355 610 1463 659 quod
1501 611 1689 648 dominus
1722 623 1828 659 papa

515 683 595 706 non
627 670 833 718 dispensat
866 678 1005 706 contra
1038 669 1284 717 apostolum3
1316 668 1441 706 tercio
1475 667 1593 705 infert
1626 681 1669 706 ex
1700 668 1827 717 pleni-

514 727 653 764 tudine
686 727 895 776 potestatis
927 740 1044 776 pape,
1080 728 1187 775 quod
1222 735 1355 774 potest
1388 728 1619 774 dispensare
1651 735 1694 763 ut
1725 726 1828 774 layci

515 786 738 823 auferentes
783 787 831 822 ab
878 785 933 821 eis
978 784 1205 822 ministrent
1259 786 1360 821 bona
1414 785 1599 831 ecclesie;
1652 786 1828 822 secundo

516 844 735 880 concordat
772 845 993 880 sentencias
1032 842 1216 880 Nicholai
1255 842 1424 879 dicentis
1464 842 1666 879 Christum
1707 841 1830 879 nichil
1850 854 1887 876 10

516 901 701 939 habuisse
733 900 774 937 in
806 901 972 949 proprio
1005 901 1065 937 vel
1094 900 1134 937 in
1159 900 1365 938 communi
1390 909 1426 937 et
1446 900 1639 937 Johannis
1663 899 1832 937 dicentis

516 962 591 996 hoc
637 971 720 997 esse
759 959 978 996 hereticum
1021 967 1058 995 et
1096 959 1307 1007 allegando
1346 957 1638 995 confessionem
1676 957 1830 994 domini

516 1017 790 1054 Ardmachani
836 1018 883 1054 de
922 1016 1082 1054 Christo
1127 1015 1289 1065 exponit
1333 1015 1442 1064 ipsos
1488 1018 1664 1064 probans
1702 1015 1832 1064 tripli-

517 1076 615 1113 citer
654 1076 763 1124 quod
803 1084 860 1112 est
900 1073 1111 1112 distinccio
1150 1075 1252 1111 inter
1284 1073 1509 1110 dominium
1544 1083 1581 1110 et
1612 1086 1749 1120 usum3
1795 1081 1832 1110 et

516 1133 731 1170 obiciendo
788 1132 999 1181 tripliciter
1056 1141 1194 1169 contra
1245 1133 1419 1180 glossam
1477 1131 1583 1168 dicto
1638 1131 1888 1168 Johannisx5

518 1191 750 1240 inpositam,
809 1190 922 1239 fingit
971 1190 1170 1238 triplicem
1220 1190 1302 1227 eius
1351 1202 1532 1234 sensum;
1590 1189 1717 1226 tercio
1767 1189 1833 1226 dat

517 1249 716 1298 triplicem
770 1249 946 1286 radicem
1001 1261 1044 1285 ex
1095 1261 1173 1297 qua
1226 1257 1393 1296 possunt
1445 1260 1549 1296 pape
1593 1246 1832 1284 concordari

518 1308 725 1345 recitando
769 1316 849 1344 tres
887 1319 1042 1344 errores
1079 1306 1254 1343 Johanni
1291 1306 1519 1354 prepositos
1558 1314 1595 1343 et
1627 1305 1832 1354 quomodo

518 1375 596 1403 stat
629 1378 776 1414 papam
810 1378 899 1402 cum
935 1364 1102 1401 consilio
1135 1377 1207 1400 suo
1241 1376 1374 1401 errare
1406 1373 1480 1400 etc.

571 1421 577 1477 l
606 1423 837 1472 Capitulum
855 1422 1057 1460 decimum
1081 1432 1266 1459 octavum
1291 1423 1507 1470 respondet
1523 1423 1573 1458 ad
1589 1419 1834 1468 undeviginti
1880 1423 1961 1465 264·

519 1491 754 1530 argumenta
785 1480 1030 1529 magistralia
1063 1493 1232 1529 quorum
1269 1479 1445 1528 primum
1473 1479 1602 1528 tangit
1630 1480 1835 1528 quomodo

519 1540 702 1577 Christus
747 1538 1037 1576 condescendit
1082 1537 1251 1574 infirmis
1298 1538 1339 1574 in
1391 1537 1549 1574 lacione
1594 1537 1835 1582 loculorum,

518 1598 687 1635 tercium
733 1599 780 1633 de
826 1596 1082 1634 habitacione
1122 1595 1282 1641 Christi,
1328 1604 1514 1644 quartum
1557 1596 1605 1631 de
1645 1594 1837 1642 dignitate

520 1655 714 1693 mercedis
758 1655 1058 1703 predicancium
1092 1666 1213 1702 supra
1258 1655 1306 1690 de
1342 1654 1448 1690 furto
1479 1654 1593 1699 Jude,
1633 1652 1834 1689 decimum

519 1714 689 1751 tercium
748 1714 796 1750 de
853 1712 1055 1750 sentencia
1112 1711 1305 1749 Johannis
1355 1713 1457 1748 XXII
1510 1710 1676 1748 dicentis
1727 1711 1836 1759 quod
1854 1715 1893 1748 25

520 1771 703 1809 Christus
735 1783 815 1808 non
848 1771 967 1808 aliam
1002 1771 1129 1819 legem
1165 1769 1273 1807 dedit
1305 1769 1496 1818 apostolis
1529 1782 1649 1817 quam
1675 1767 1837 1817 quibus-

520 1842 692 1878 cumque
737 1829 824 1866 aliis
871 1828 1072 1876 fidelibus,
1127 1827 1326 1865 decimum
1374 1827 1556 1876 quintum
1603 1835 1642 1864 et
1684 1835 1835 1863 sextum

519 1896 689 1936 tangunt
718 1899 763 1924 ex
786 1886 1053 1924 decretalibus
1077 1899 1195 1935 quam
1227 1885 1412 1934 plurimis
1435 1886 1642 1934 quomodo
1665 1883 1838 1933 apostoli

521 1955 633 1983 erant
671 1945 948 1994 proprietarii3
996 1944 1197 1982 decimum
1238 1943 1453 1992 septimum
1499 1942 1627 1991 tangit
1665 1951 1839 1991 quatuor

520 2003 801 2041 conclusiones
835 2004 1032 2040 humanas
1065 2015 1109 2039 ex
1131 2011 1304 2039 tractatu
1334 2001 1523 2046 Quoniam
1548 2001 1610 2037 vir
1631 2001 1897 2050 reprobus;30

523 2071 561 2099 et
613 2061 814 2099 decimum
866 2069 1051 2098 octavum
1105 2060 1233 2108 tangit
1285 2061 1491 2108 quomodo
1553 2058 1696 2107 prelati
1749 2066 1840 2095 sunt

521 2119 749 2168 superiores
782 2119 956 2156 dominis
996 2117 1242 2156 secularibus
1276 2126 1313 2154 et
1353 2117 1392 2153 in
1424 2116 1715 2165 temporalibus
1749 2128 1838 2152 cum

522 2177 610 2215 aliis
643 2176 881 2214 incidenciis
915 2190 995 2213 non
1028 2176 1158 2224 dignis
1192 2184 1265 2212 etc.

581 2235 813 2284 Capitulum
863 2235 1063 2271 decimum
1119 2247 1270 2271 nonum
1323 2232 1452 2280 tangit
1503 2232 1582 2269 alia
1626 2231 1839 2268 duodecim

523 2302 780 2343 argumenta3
840 2293 1015 2341 primurn
1078 2291 1283 2340 quomodo
1334 2299 1414 2328 tres
1475 2289 1578 2338 magi
1629 2290 1897 2329 offerentes35

524 2352 683 2390 Christo
717 2363 883 2388 munera
918 2359 1030 2388 erant
1063 2349 1196 2387 civiles
1230 2348 1383 2386 domini
1417 2357 1455 2385 et
1483 2356 1619 2385 tamen
1648 2346 1840 2396 episcopi,

523 2411 742 2447 secundum
778 2410 986 2458 quomodo
1025 2421 1131 2457 papa
1164 2416 1221 2444 est
1253 2406 1436 2456 superior
1473 2405 1513 2443 in
1550 2405 1841 2454 temporalibus

524 2468 780 2516 imperatore,
814 2467 982 2504 tercium
1020 2467 1226 2515 quomodo
1263 2464 1396 2502 clerici
1426 2465 1572 2501 debent
1606 2462 1842 2500 renunciare

524 2524 695 2563 seculari
723 2525 889 2572 honore,
918 2533 1105 2573 quartum
1135 2524 1342 2572 quomodo
1364 2521 1618 2571 dispensacio
1638 2529 1842 2569 tempora-

524 2583 621 2620 lium
657 2591 694 2620 et
723 2596 804 2620 non
834 2595 969 2619 earum
996 2581 1227 2619 dominacio
1250 2580 1423 2629 pertinet
1458 2579 1622 2625 clericis,
1656 2578 1841 2627 quintum
1856 2595 1901 2626 40

526 2642 731 2690 quomodo
777 2640 971 2677 laboricia
1014 2648 1105 2677 sunt
1143 2638 1297 2676 clericis
1331 2637 1477 2684 debita,
1523 2646 1674 2674 sextum
1715 2636 1842 2684 tangit

598 2807 638 2827 10.
659 2799 738 2828 Cod.
758 2798 930 2826 sentencias
950 2799 1046 2825 deest.
1118 2804 1166 2832 24,
1187 2796 1228 2825 25.
1256 2796 1352 2824 Index
1372 2796 1501 2823 secundi
1521 2799 1547 2822 et
1568 2794 1667 2829 quarti
1687 2801 1785 2829 usque
1805 2796 1842 2821 ad

526 2834 747 2862 duodecimum
768 2837 984 2869 argumentum
1007 2831 1130 2860 excidit.
