2050 3292
262 233 344 281 624

263 1287 539 1324 correspondent-t-

264 1324 299 1351 οἱ
316 1324 457 1358 spiritual
478 1323 535 1350 and

272 1359 409 1395 physical
431 1358 530 1386 death.

970 239 1029 274 DE
1057 243 1192 275 CIVILI
1221 242 1430 274 mommo.
1624 230 1734 283 [CAP.
1758 237 1865 267 xxvi.

549 362 668 398 quam
723 348 901 397 primoge
930 345 934 402 Ι
964 349 1068 385 nitus
1118 361 1165 385 ex
1219 348 1352 385 multis
1399 347 1588 385 fratribus
1638 349 1863 396 quomodo·
1903 360 1943 392 25

549 419 706 456 cunque
734 407 926 456 protervit
959 408 1133 454 emulus3
1169 416 1320 444 certum
1355 414 1412 443 est
1445 418 1490 442 ex
1513 405 1590 442 fide
1617 407 1725 454 quod
1750 414 1864 442 tanta

549 465 622 501 fuit
654 464 936 502 conveniencia
971 464 1263 514 redempcionis
1291 463 1463 501 hominis
1487 476 1557 512 per
1581 464 1720 509 filium,
1756 465 1863 512 quod

550 522 782 571 inpossibile
826 522 899 559 fuit
944 536 1033 560 eum
1080 536 1149 571 per
1193 523 1310 560 aliam
1359 534 1571 570 personam
1619 521 1738 558 fuisse
1780 530 1861 558 tam

551 580 832 618 convenienter
882 582 1150 630 redemptum,
1216 580 1272 617 sic
1337 579 1439 617 enirn
1508 579 1731 616 formaliter
1785 579 1865 615 vita

550 639 675 688 patris
707 638 860 687 origine
893 638 1037 687 prioris
1070 638 1183 687 quasi
1234 637 1400 675 materia
1445 637 1553 673 dedit
1594 636 1862 674 reverenciam

549 696 733 733 videlicet
777 696 881 745 patri
929 709 1001 733 suo
1046 706 1083 733 et
1127 705 1204 732 stat
1249 696 1331 732 sine
1366 694 1599 732 confusione
1632 696 1690 731 vel
1724 694 1863 731 incon-

549 754 756 791 veniencia
802 754 1010 791 distinccio
1063 767 1337 803 personarum.
1390 754 1564 790 Verbum
1619 753 1754 801 itaque
1807 762 1864 789 est

551 812 814 861 personaliter
840 812 919 848 vita
954 821 990 848 et
1021 813 1149 849 forma
1184 825 1260 861 que
1294 811 1563 849 essencialiter
1596 820 1653 847 est
1675 810 1862 854 Trinitas,

551 871 640 908 ideo
686 871 757 907 fuit
802 883 1023 907 consonum
1068 879 1111 906 ut
1146 879 1326 907 mortuos
1362 869 1543 907 vivificet.
1596 870 1696 905 Sunt
1729 878 1862 905 autem

552 928 628 965 alia
661 938 813 977 septem
847 928 957 976 signa
992 928 1283 976 consequencia
1316 927 1530 964 carnaliter
1565 936 1744 963 mortuos
1774 940 1866 974 pro-

552 986 857 1035 porcionaliter;
904 995 1171 1023 consecuntur
1212 995 1392 1022 mortuos
1425 985 1465 1021 in
1498 985 1646 1031 anima,
1691 997 1861 1032 quorum

552 1044 688 1081 omnia
739 1044 926 1093 opposita
977 1045 1154 1081 relucent
1205 1044 1243 1080 in
1297 1043 1469 1089 Christo,
1523 1042 1590 1091 qui
1644 1042 1862 1079 secundum

553 1102 825 1139 testimonium
861 1103 920 1139 sui
953 1102 1146 1139 Johannis
1168 1103 1264 1150 X1V,
1289 1103 1312 1139 ὁ
1346 1109 1402 1138 est
1435 1102 1507 1145 via,
1543 1101 1685 1136 veritas
1717 1108 1751 1136 et
1775 1101 1864 1144 vitaz,

553 1173 645 1197 nam
683 1169 863 1197 mortuus
896 1160 1161 1209 corporaliter
1205 1160 1379 1208 rigescit,
1426 1158 1610 1208 frigescit,
1654 1158 1862 1203 horrescit,

552 1219 813 1256 sensuacione
846 1219 1038 1267 privatur,
1074 1231 1241 1267 corpore
1274 1226 1473 1266 gravatur,
1508 1216 1587 1253 suis
1610 1215 1806 1264 spoliatur
1829 1224 1867 1253 et

554 1290 700 1324 corpus
744 1277 783 1313 in
831 1275 1169 1313 marceracionem
1219 1276 1441 1314 resolvitur.
1495 1276 1866 1322 Correspondenter

556 1344 736 1371 mortuus
782 1334 1046 1383 spiritualiter
1093 1335 1211 1371 habet
1258 1342 1409 1382 septem
1466 1332 1649 1369 mortalia
1700 1341 1866 1380 peccata

555 1393 759 1441 signanter
790 1393 875 1430 istis
909 1392 1285 1440 correspondencia.
1351 1394 1450 1428 Nam
1497 1390 1671 1439 primum
1707 1389 1863 1437 signum

555 1450 747 1499 competit
780 1450 973 1500 superbis,
1008 1450 1074 1499 qui
1108 1459 1198 1487 sunt
1232 1449 1465 1486 inflexibiles
1500 1461 1610 1484 more
1644 1460 1862 1496 quercuum

556 1522 624 1557 per
657 1508 997 1548 inobedienciam:
1034 1509 1154 1548 Exod.
1186 1510 1265 1554 XV,
1302 1518 1347 1556 15
1395 1507 1558 1543 dicitur:
1599 1506 1866 1557 Ohriguerunt

556 1580 685 1603 omnes
708 1567 943 1603 habitatores
959 1567 1138 1610 Cannam
1160 1566 1376 1603 secundum
1404 1565 1556 1613 signum
1580 1564 1866 1612 correspondet

556 1624 699 1662 invidis
742 1625 810 1674 qui
856 1625 1072 1673 frigescunt
1119 1633 1155 1661 et
1201 1625 1408 1672 palescunt
1453 1622 1683 1671 privacione
1722 1621 1865 1658 caloris

557 1683 753 1728 caritatis;
794 1684 916 1721 Math.
949 1684 1082 1728 XXIV,
1118 1694 1163 1720 12
1211 1682 1357 1718 dicitur
1396 1681 1585 1730 quoniam
1633 1681 1867 1716 lzabundabit

556 1742 746 1790 iniquitas,
799 1742 1035 1793 refrigescet
1078 1741 1223 1777 caritas
1267 1741 1500 1783 mztltorum;
1557 1738 1724 1775 tercium
1780 1750 1898 1775 cor-z

556 1800 771 1848 respondet
824 1799 879 1836 ire
931 1812 1009 1847 que
1061 1808 1117 1835 est
1170 1807 1334 1846 aspectu
1381 1796 1570 1833 terribilis
1617 1806 1653 1832 et
1700 1798 1866 1832 horrore

556 1857 744 1906 fugibilis.
778 1860 878 1894 Nam
913 1859 1026 1893 Prov.
1058 1858 1173 1902 XXII,
1210 1868 1279 1904 24:
1316 1856 1408 1891 Noli
1437 1867 1516 1891 esse
1548 1855 1693 1890 aurbus
1726 1854 1870 1889 homini

556 1917 755 1962 iracundo,
809 1928 925 1965 neque
976 1915 1148 1951 ambules
1191 1927 1274 1950 cum
1320 1915 1403 1949 viro
1444 1913 1626 1961 furioso;
1677 1921 1866 1960 quartum

557 1975 842 2022 correspondet
886 1973 1050 2016 accidie,
1097 1985 1186 2009 cum
1232 1971 1492 2020 spiritualiter
1537 1970 1681 2006 mortui
1710 1968 1715 2021 1
1744 1969 1868 2006 instar

556 2033 765 2080 ydolorum
799 2032 984 2068 videntur
1028 2032 1175 2067 habere
1207 2043 1380 2072 sensum,
1426 2030 1493 2065 sed
1528 2030 1636 2064 deest
1669 2027 1899 2067 officiumz?

557 2090 705 2127 Psalmi
729 2091 861 2133 CXIII,
888 2100 930 2138 5:
968 2090 1019 2125 Os
1053 2090 1190 2124 habent
1222 2096 1256 2124 et
1288 2101 1360 2124 non
1394 2087 1613 2135 loquuntur.
1645 2087 1745 2122 Nam
1769 2086 1867 2122 tales

557 2149 700 2185 nedum
742 2157 909 2196 peccant
942 2145 1132 2195 quicquid
1168 2146 1331 2182 fecerint
1370 2147 1437 2182 sed
1471 2158 1492 2181 a
1525 2146 1630 2180 bono
1666 2157 1786 2192 opere
1822 2144 1867 2180 de

557 2219 699 2254 genere
743 2206 945 2251 ociantur3
990 2205 1130 2253 quinto
1164 2205 1448 2252 correspondet
1487 2202 1674 2248 avaricia,
1709 2204 1755 2238 de
1790 2214 1865 2249 qua

557 2266 716 2301 Psalmo
750 2266 811 2314 IV,
846 2276 867 2313 3
903 2263 1068 2300 dicitur:
1114 2263 1206 2297 Filii
1249 2261 1441 2297 hominum
1489 2273 1603 2308 usque
1648 2273 1718 2308 quo
1749 2259 1871 2310 gravi

557 2324 675 2359 corde
713 2330 751 2357 ut
790 2322 880 2370 quid
918 2320 1079 2370 diligitis
1112 2321 1329 2358 vanitatem.
1382 2321 1540 2355 Sextum
1583 2318 1868 2365 correspondet

558 2381 660 2428 gule,
707 2380 800 2427 quia
837 2381 951 2415 Prov.
985 2380 1082 2421 XXI,
1113 2390 1172 2428 17,
1213 2378 1277 2426 qui
1308 2377 1437 2427 diligit
1468 2377 1598 2425 epulas
1631 2376 1666 2410 in
1699 2382 1869 2426 egestate

558 2439 642 2483 erit,
677 2446 711 2474 et
744 2438 807 2486 qui
836 2444 942 2473 amat
977 2437 1100 2472 vinum
1135 2444 1170 2472 et
1197 2436 1361 2486 pinguia
1394 2448 1466 2471 non
1500 2434 1699 2480 ditabitur,
1733 2446 1868 2481 ymmo

560 2498 606 2532 de
640 2497 743 2532 facto
776 2496 906 2531 nullus
939 2508 1059 2531 avaro
1093 2494 1321 2541 pauperior,
1355 2493 1447 2541 quia
1481 2491 1673 2540 quicquid
1699 2500 1869 2538 occupat

559 2554 702 2590 iniuste
727 2554 887 2591 detinet.
914 2562 955 2589 ut
978 2565 1068 2600 sepe
1091 2551 1257 2589 ostendi.
1287 2551 1501 2596 Quomodo
1525 2562 1621 2597 rogo
1645 2558 1869 2585 teneremus

1886 886 1922 905 10

1887 1162 1921 1194 15

1884 1465 1923 1485 ’ΖΟ

1886 2321 1924 2355 35

560 2624 709 2649 nomen
752 2611 860 2647 verbi
894 2610 1056 2647 Domini
1090 2610 1158 2658 qui
1197 2609 1402 2657 privamur
1440 2607 1603 2644 nomine
1637 2605 1927 2652 christianiP40

561 2669 785 2718 Septimum
818 2681 912 2706 vero
946 2669 1231 2716 correspondet
1264 2667 1415 2703 luxurie
1447 2666 1580 2703 fetenti
1615 2677 1748 2702 coram
1786 2667 1868 2701 Deo

631 2869 669 2889 21.
688 2861 782 2889 C‹)d.:
804 2861 902 2888 Exod.
925 2860 1042 2888 XXXII.
1116 2859 1161 2887 36.
1184 2860 1278 2888 (ζωὰς
1300 2859 1447 2895 epistolas
1466 2859 1496 2885 in
1517 2857 1708 2885 necessitate.

1951 359 1985 393 31]
