2050 3292
199 235 277 271 442

205 575 392 611 Owncrship
415 577 461 604 fits

211 612 282 646 only
302 612 351 638 the
372 612 444 647 laity

217 647 275 672 aud
299 654 337 672 no
359 654 444 673 more

245 681 420 707 distinctive

192 715 278 741 word
301 715 393 742 exists
419 717 467 742 101-

221 750 242 776 it
262 750 333 776 than
355 749 435 777 civil.

905 232 964 263 DE
992 232 1128 264 CIVILI
1155 231 1365 263 DOMINIO.
1583 219 1690 274 [CAP-
1711 228 1791 257 XXI.

486 347 543 374 est
574 350 708 374 servus
742 338 897 374 cuilibet
930 339 1087 374 subdito
1122 346 1159 374 et
1193 350 1311 375 omne
1335 338 1484 373 bonum
1515 338 1612 373 servi
1646 346 1800 374 constat

486 397 663 442 domino,
709 405 817 443 patet
862 397 970 444 quod
1015 409 1096 432 non
1141 398 1273 432 onmia
1320 396 1482 432 ecclesie
1528 396 1673 431 debent
1719 408 1801 432 esse

485 453 727 489 communia.
773 455 894 490 Notat
938 453 1056 501 igitur
1098 455 1328 490 scolasticus
1374 466 1450 501 que
1485 454 1708 489 dominacio
1741 454 1800 489 vel

485 524 560 559 que
583 513 807 559 proprietas
824 521 881 548 est
906 512 1053 547 clericis
1077 512 1272 559 prohibita
1303 520 1339 547 et
1368 520 1501 547 tamen
1535 512 1640 547 laicis
1673 511 1798 557 licita3

485 578 521 605 et
554 570 661 605 illam
695 570 868 617 intelligo
901 582 972 617 per
1004 570 1324 606 dominacionem
1359 577 1395 604 et
1427 570 1714 616 proprietatem
1748 571 1832 605 ci-5

482 628 596 662 vilem
623 635 658 662 et
684 628 726 671 (si
750 640 829 663 non
854 628 986 674 fallor)
1009 640 1127 663 nemo
1153 629 1318 663 inveniet
1343 629 1556 674 apciorem.
1577 628 1798 663 breviorem

482 693 520 720 et
552 684 858 721 conformiorem
891 687 1105 721 terminum
1138 686 1187 721 ad
1222 686 1518 732 exprimendum
1556 685 1657 720 hanc
1691 684 1798 720 diffe-

481 743 655 779 renciam
694 755 813 790 quam
853 743 1014 780 civilem.
1048 744 1150 778 Nam
1182 744 1244 788 XI,
1278 744 1482 790 questione
1515 743 1526 777 Ι
1560 742 1714 787 Nullus,
1746 745 1799 778 sic

480 801 654 848 loquitur
677 801 861 837 Silvester
888 814 1011 849 papa:
1047 801 1201 849 Nullus,
1232 802 1366 848 inquit,
1400 800 1576 846 clericus,
1603 800 1799 848 presbiter

481 859 541 894 wel
572 859 774 908 dyaconus
798 866 965 908 propter
996 858 1202 907 quamlibet
1234 871 1388 894 causam
1422 858 1537 893 intret
1559 858 1707 893 curiam
1732 870 1798 894 nec
1818 868 1855 891 10

479 923 566 952 ante
596 916 744 952 civilem
782 917 943 952 iudicem
977 928 1131 952 causam
1162 929 1270 952 suam
1295 916 1423 952 dicere
1449 923 1672 965 presumat7·
1709 916 1798 952 licet

480 976 581 1010 enim
616 975 764 1010 dictum
800 975 900 1010 illius
934 987 1035 1022 pape
1059 987 1081 1010 a
1105 975 1303 1010 modernis
1333 974 1429 1009 false
1463 973 1635 1021 fingatur
1667 974 1794 1021 palea,

479 1041 614 1068 tamen
659 1033 801 1068 modus
846 1033 1029 1080 loquendi
1075 1033 1122 1067 de
1168 1032 1263 1067 civili
1309 1039 1386 1068 stat
1429 1040 1528 1080 aput
1571 1032 1719 1079 peritos
1759 1041 1795 1068 et

479 1098 632 1126 servata
655 1090 841 1138 religione
865 1091 1007 1127 Christi
1030 1098 1151 1126 staret
1174 1091 1389 1127 sentencia.
1423 1089 1664 1126 Secularitas
1692 1091 1794 1126 enim

478 1148 733 1184 sacerdotum
766 1149 956 1185 subvertit
992 1149 1267 1195 gramaticam,
1301 1148 1471 1195 loycam⁷
1510 1148 1628 1195 leges,
1663 1160 1793 1184 mores
1814 1150 1850 1182 15

479 1214 516 1242 et
560 1205 739 1242 ordinem
786 1207 1065 1251 christianum3
1113 1217 1185 1242 nec
1232 1207 1393 1242 dubium
1440 1206 1654 1242 christiano
1699 1207 1793 1254 quin

479 1264 610 1312 aliqua
654 1265 701 1300 sit
745 1265 832 1300 talis
877 1266 1101 1312 proprietas
1145 1264 1205 1300 vel
1245 1263 1485 1310 dominacio,
1532 1276 1575 1299 ur
1607 1271 1717 1311 patet
1750 1276 1793 1300 ex

478 1323 782 1358 auctoritatibus
814 1322 1007 1371 allegatis.¹
1039 1323 1139 1367 Quia
1163 1323 1221 1363 (ut
1245 1322 1405 1368 allegavi
1429 1322 1625 1369 superius)
1654 1323 1791 1357 beatus

477 1380 733 1415 Bernhardus
779 1380 941 1416 Florum
986 1380 1160 1426 capitulo
1204 1380 1327 1414 XVIII
1380 1391 1468 1415 vere
1522 1380 1623 1425 dicit,
1682 1381 1790 1427 quod

476 1438 674 1478 possidere
715 1438 883 1487 propt-ici
928 1438 1098 1473 seculari
1139 1438 1285 1472 homini
1326 1445 1380 1473 est
1413 1437 1593 1479 medium,
1637 1438 1723 1485 quia
1757 1445 1791 1473 et
1808 1450 1848 1471 20

477 1495 564 1531 licet
594 1495 667 1531 sihi
695 1496 858 1545 propria
885 1496 1099 1545 possidere,
1138 1503 1172 1531 et
1211 1496 1296 1531 licet
1327 1495 1400 1531 sihi
1438 1495 1554 1531 nichil
1579 1495 1787 1544 proprium

471 1553 697 1602 possidere;
728 1554 915 1590 monacho
933 1549 936 1606 l
953 1561 1078 1589 autem
1103 1554 1188 1601 quia
1206 1553 1407 1602 possidere
1428 1566 1501 1589 non
1525 1553 1625 1599 licet,
1643 1565 1788 1602 purum
1840 1556 1916 1600 178d

476 1612 620 1647 malum
654 1618 720 1648 est.
756 1613 863 1648 Licet
894 1613 1008 1659 igitur
1042 1612 1237 1647 sacerdoti
1271 1611 1412 1647 Christi
1441 1612 1588 1648 habere
1611 1623 1788 1658 uxorem,

475 1670 619 1706 liberos
652 1678 771 1718 atque
803 1669 1005 1713 familiam,
1045 1670 1113 1705 sed
1147 1669 1341 1705 dominari
1382 1669 1541 1705 civiliter
1573 1681 1654 1705 non
1686 1669 1787 1715 licet,

476 1740 566 1764 cum
611 1729 746 1764 omnia
791 1729 896 1764 bona
942 1740 1012 1764 sua
1066 1728 1183 1763 debet
1236 1739 1434 1775 occupare
1484 1728 1846 1775 exproprietarie25

474 1794 667 1834 tanquam
700 1787 804 1822 bona
837 1786 1012 1835 ecclesie,
1044 1794 1088 1821 ut
1104 1786 1251 1821 dictum
1276 1794 1332 1821 est
1356 1786 1529 1833 capitulo
1551 1786 1788 1823 huius...V.

533 1846 581 1880 Et
626 1855 670 1879 ex
713 1845 791 1880 istis
836 1845 947 1892 quasi
993 1845 1187 1891 peticione
1231 1845 1333 1879 notis
1380 1845 1557 1880 terminis
1607 1852 1789 1891 patenter
1829 1848 1859 1879 O

475 1901 671 1949 colligitur
693 1903 801 1949 quod
825 1902 918 1937 nulli
943 1913 1040 1949 pure
1071 1902 1213 1937 clerico
1236 1914 1309 1949 pro
1331 1909 1512 1949 tempore
1540 1901 1634 1949 legis
1658 1903 1788 1949 gracie

474 1971 550 2006 que
594 1968 651 1995 est
685 1961 905 1995 huiusmodi
951 1960 1040 1996 licet
1075 1959 1232 1995 civiliter
1265 1961 1471 1996 dominari.
1527 1962 1628 1995 Nam
1662 1961 1786 1996 sancti

474 2019 659 2053 doctores
704 2018 924 2064 linguarum
978 2018 1196 2065 peritissimi
1249 2025 1292 2053 ut
1344 2026 1505 2054 sanctus
1549 2019 1844 2064 Je1·0nimus‚30

472 2076 729 2122 Augustinus,
763 2076 953 2111 Ysidorus
992 2084 1028 2111 et
1061 2087 1127 2111 eos
1160 2084 1370 2123 sequentes
1409 2076 1684 2111 intellexerunt
1716 2088 1785 2123 per

475 2133 659 2168 clericum
704 2134 828 2181 &quod
871 2141 986 2169 sonat
1027 2145 1115 2169 sors
1157 2134 1217 2169 vel
1262 2133 1470 2179 hereditas)
1518 2134 1715 2169 hominem
1762 2146 1784 2169 a

472 2191 639 2226 seculari
662 2192 739 2226 vita
756 2191 953 2227 seclusum
978 2191 1100 2227 cultui
1124 2191 1251 2227 divino
1268 2203 1365 2239 pure
1382 2192 1570 2237 deditum,
1587 2200 1782 2240 quantum

471 2249 520 2284 ad
543 2249 649 2285 bona
672 2249 899 2285 adiacencia
923 2249 970 2285 de
993 2250 1100 2296 puris
1124 2250 1194 2285 Dei
1224 2251 1497 2286 carismatibus
1529 2258 1780 2296 contentum;

469 2307 557 2342 ideo
590 2308 681 2343 dicit
710 2308 934 2343 Jeronimus
960 2307 1138 2355 Epistola
1161 2307 1316 2344 XXXIV
1349 2308 1398 2343 ad
1421 2309 1704 2356 Nepocfflnum,
1738 2315 1781 2343 ut
1799 2311 1838 2344 35

470 2365 657 2401 recitatur
700 2365 779 2411 XII,
826 2366 1032 2413 questione
1066 2367 1092 2409 Ι,
1138 2366 1246 2413 quod
1291 2366 1455 2401 clericus
1499 2373 1613 2401 extra
1655 2366 1778 2400 Deum

469 2422 586 2457 nichil
607 2422 748 2458 habere
766 2430 892 2471 potest
914 2424 1016 2471 quod
1037 2423 1072 2459 si
1091 2423 1291 2471 quicquam
1315 2423 1423 2459 aliud
1444 2423 1620 2459 habuerit
1644 2430 1780 2471 preter

468 2479 692 2525 Dominum,
722 2492 821 2529 pars
852 2480 932 2517 eius
964 2494 1036 2517 non
1069 2481 1143 2517 erit
1175 2478 1388 2525 Doniz'nzcs;
1427 2481 1534 2517 verbi
1561 2481 1715 2531 gracia,
1746 2481 1781 2516 si

468 2549 606 2574 aurum
640 2539 700 2574 vel
731 2546 953 2589 argentum,
985 2539 1019 2575 si
1035 2539 1308 2588 possessiones,
1341 2539 1375 2575 si
1395 2539 1545 2575 variam
1568 2538 1778 2588 suppellec-

536 2702 581 2729 24.
603 2695 680 2723 Cod.
695 2708 701 2722 ι
723 2697 799 2724 votis
817 2697 880 2724 sive
898 2698 991 2725 vocis.

535 2789 571 2821 8.
595 2791 678 2833 Cap.
696 2791 844 2825 XXXIII.
968 2804 1016 2836 19*
1043 2793 1079 2824 In
1105 2799 1179 2835 cap.
1197 2793 1303 2825 XVIII
1331 2793 1473 2825 Florum
1499 2792 1554 2833 hic
1580 2793 1678 2824 locus
1705 2803 1773 2824 non

467 2843 565 2877 extat,
593 2839 653 2869 sed
681 2845 713 2869 et
739 2839 773 2869 in
799 2839 873 2870 aliis
899 2850 997 2882 capp.
1024 2840 1171 2871 Florum
1198 2850 1269 2871 non
1296 2840 1476 2871 invenitur.
1550 2838 1602 2872 36.
1630 2840 1711 2882 Cap.
1732 2840 1761 2871 V
