2050 3292
267 211 358 239 eff.
378 206 503 251 xxm]
742 212 876 244 LIBER
901 212 1108 246 TERTIUS.

269 319 420 355 finitum
456 318 597 366 gravis,
632 318 747 366 igitur
778 330 896 354 omne
919 326 1125 366 peccatum
1153 327 1209 354 est
1233 319 1393 366 dignum
1419 318 1575 355 infinita

270 389 386 424 pena.

328 436 437 478 Item,
471 445 590 481 quam
626 433 773 468 malum
808 433 867 468 vel
900 432 1059 480 sugibile
1092 441 1149 469 est
1182 433 1343 482 aliquod
1366 442 1575 482 peccatum

268 500 347 527 tam
393 491 567 538 punibile
612 498 679 540 est7
723 491 791 526 sed
836 489 1035 526 infinitum
1083 491 1231 527 malum
1265 500 1384 540 atque
1417 491 1576 539 sugibile

237 553 326 585 §est
358 561 477 584 omne
510 556 733 595 peccatum,
780 559 825 583 eo
870 549 976 595 quod
1021 561 1093 595 pro
1138 549 1244 585 nullo
1279 549 1436 597 cogibili
1469 562 1576 585 com-

270 606 455 651 mitteret,
489 617 581 652 ergo
613 604 813 640 infinitum
848 613 904 641 est
936 605 1112 653 punibile
1145 619 1263 643 omne
1301 615 1507 655 peccatum
1543 614 1579 642 et

268 675 337 711 per
369 675 616 711 consequens
649 662 810 710 dignum
840 662 1040 699 infinitum
1066 663 1208 710 puniri.
1244 666 1447 709 Quantum
1472 665 1576 700 enim

268 722 353 770 quis
404 721 604 768 obligatur
658 733 736 755 non
789 720 918 756 facere
970 729 1176 768 peccatum
1224 730 1336 759 tanto
1381 723 1577 769 obligatur

268 779 400 826 fugere
447 786 667 826 peccatum,
713 779 781 813 sed
815 779 864 814 ad
897 791 977 814 non
1010 779 1257 826 peccandum
1291 779 1439 828 obligat
1471 780 1578 816 Deus

218 835 438 872 1oinfinite.

325 895 436 940 Item,
481 891 613 929 omnis
658 892 772 940 culpa
805 905 877 940 pro
923 906 999 941 qua
1045 894 1160 930 datur
1202 894 1317 931 venia
1361 902 1418 931 est
1462 895 1580 942 digna

269 951 412 987 maiori
456 962 559 998 pena
603 962 721 998 quam
755 950 949 998 infligitur
981 960 1070 999 post
1103 953 1236 988 datam
1269 952 1438 998 veniam,
1485 952 1577 1000 quia

269 1008 384 1044 aliter
415 1007 529 1044 venia
561 1020 642 1043 non
675 1007 838 1044 haberet
869 1008 1070 1045 racionem
1105 1010 1346 1046 remissionis
1369 1011 1430 1046 vel
1452 1011 1576 1055 venie,

268 1067 334 1102 sed
381 1078 469 1102 cum
502 1064 629 1111 venia,
676 1064 949 1102 misericordia
981 1066 1040 1103 vel
1082 1067 1335 1115 indulgencia
1373 1067 1444 1103 Dei
1489 1076 1578 1104 sunt

217 1130 251 1162 15
267 1123 433 1169 infinite⁷
456 1136 537 1160 non
560 1131 738 1171 superest
760 1124 867 1171 quod
890 1123 1008 1171 digna
1031 1136 1133 1172 pena
1165 1124 1267 1161 foret
1300 1125 1414 1172 culpa
1447 1125 1578 1161 huius-

270 1181 378 1217 modi
422 1181 495 1218 nisi
538 1193 641 1229 pena
683 1180 852 1225 infinita,
898 1194 987 1217 cum
1033 1182 1304 1219 misericordia
1348 1182 1501 1219 infinita
1538 1183 1578 1219 in

267 1239 464 1275 infinitum
511 1238 673 1275 dimittit
717 1240 764 1275 de
809 1239 940 1287 culpa,
993 1239 1088 1288 quia
1140 1240 1255 1276 aliter
1299 1242 1403 1277 Deus
1457 1240 1579 1277 nichil

268 1305 401 1345 posset
434 1296 632 1333 dimittere
665 1296 712 1332 de
745 1309 847 1345 pena
879 1297 1046 1345 peccati,
1091 1299 1159 1333 sed
1204 1310 1323 1334 omne
1368 1307 1576 1346 peccatum

268 1354 629 1403 indispensabiliter
659 1356 873 1390 secundum
906 1355 1085 1391 ultimum
1109 1355 1336 1403 puniretur3
1361 1357 1469 1404 quod
1492 1368 1578 1404 per-

212 1428 254 1449 20
268 1414 447 1448 turbaret
478 1413 583 1460 leges
617 1421 654 1448 et
687 1412 805 1448 fidem
841 1413 1016 1450 ecclesie.

200 1476 230 1507 T
327 1472 532 1515 Quantum
566 1470 615 1506 ad
646 1469 721 1506 ista
752 1469 908 1506 videtur
942 1470 1062 1506 michi
1096 1471 1202 1519 quod
1233 1480 1393 1519 oportet
1415 1483 1575 1507 omnem

268 1527 427 1564 fidelem
476 1528 693 1564 concedere
745 1529 852 1575 quod
904 1540 1024 1564 unum
1077 1537 1287 1576 peccatum
1336 1531 1382 1566 sit
1425 1530 1577 1577 reliquo

267 1585 443 1632 gravius3
490 1584 580 1634 quia
624 1585 739 1621 aliter
770 1587 874 1621 Deus
918 1585 1064 1623 iniuste
1108 1588 1266 1634 puniret
1299 1595 1460 1635 peccata
1495 1596 1577 1623 tam

268 1644 484 1691 dispariter,
530 1656 667 1690 ymmo
712 1655 801 1679 cum
848 1652 943 1691 aput
975 1656 1063 1680 eum
1098 1656 1179 1680 non
1211 1654 1342 1692 potest
1376 1657 1459 1682 esse
1491 1657 1578 1693 per-

210 1706 250 1739 25
267 1713 453 1737 sonarum
478 1701 677 1749 accepcio,
710 1713 791 1737 non
814 1701 952 1748 pocius
976 1700 1194 1738 remitteret
1216 1715 1339 1738 unum
1370 1710 1576 1750 peccatum

266 1767 407 1794 nature
452 1758 668 1806 peccabilis
720 1771 839 1807 quam
899 1760 1178 1808 quodcunque,
1232 1773 1321 1797 curn
1376 1773 1420 1797 ex
1465 1769 1578 1809 parte

149 1825 229 1863 227³
266 1815 419 1863 peccati
462 1828 542 1852 non
586 1824 717 1864 potest
763 1817 856 1864 poni
900 1817 1006 1853 iuxta
1034 1814 1039 1867 Ι
1069 1819 1170 1854 hanc
1214 1818 1319 1855 viam
1353 1818 1578 1866 disparacio

268 1874 510 1923 remittendi3
564 1886 811 1922 consequens
851 1883 990 1911 contra
1034 1876 1250 1923 scripturas
1295 1876 1486 1924 allegatas
1532 1877 1578 1912 de

267 1931 497 1978 ignorancia
541 1940 578 1968 et
623 1931 838 1980 fragilitate
883 1932 1073 1969 adiuncta
1113 1933 1372 1983 contricione,
1419 1934 1578 1970 racione

212 1997 252 2028 30
268 2001 435 2037 quarum
462 1991 567 2025 Deus
598 2002 638 2026 se
672 1991 789 2026 habet
823 1989 1035 2037 dispariter
1067 1992 1117 2027 ad
1144 1999 1319 2038 peccata.
1356 1992 1447 2027 Ideo
1470 1999 1580 2039 patet

269 2049 374 2094 quod
417 2055 668 2095 assumptum
714 2047 831 2095 primi
877 2048 1100 2095 argumenti
1145 2058 1295 2096 peccat,
1349 2061 1436 2085 cum
1485 2058 1579 2085 tunc

268 2116 387 2140 omne
419 2112 624 2152 peccatum
660 2105 760 2141 foret
794 2117 893 2153 eque
925 2117 1042 2152 grave
1075 2107 1247 2153 cuilibet,
1282 2119 1328 2143 eo
1360 2107 1464 2155 quod
1498 2119 1579 2142 non

269 2170 400 2209 potest
433 2162 627 2198 committi
660 2171 868 2210 peccatum
903 2162 976 2198 nisi
1009 2163 1282 2212 principaliter
1306 2165 1580 2200 committatur

267 2220 307 2254 in
351 2221 490 2255 Deum.
545 2220 622 2256 Sed
664 2222 736 2256 ista
781 2219 1102 2257 similitudinaria
1149 2221 1320 2258 maxima
1366 2222 1519 2269 capitur
1558 2234 1579 2257 a

211 2276 464 2324 35poleticis‚
518 2278 582 2325 qui
625 2291 746 2313 unum
794 2277 987 2322 senciunt‚
1041 2280 1149 2326 quod
1196 2291 1316 2315 omne
1368 2288 1577 2327 peccatum

268 2334 416 2370 factum
450 2334 490 2370 in
512 2337 638 2371 Deum
665 2343 723 2372 est
748 2335 905 2371 infinite
937 2336 1092 2383 gravius
1127 2349 1247 2384 quam
1279 2338 1381 2373 foret
1415 2336 1577 2385 aliquod

269 2392 414 2428 factum
463 2393 590 2429 solum
635 2393 673 2428 in
719 2401 956 2439 creaturam,
1003 2393 1033 2429 si
1067 2406 1137 2441 per
1174 2394 1403 2442 inpossibile
1435 2395 1580 2442 poterit

269 2462 351 2486 esse
384 2450 473 2495 tale,
509 2460 545 2486 et
578 2463 648 2498 per
679 2463 925 2498 consequens
959 2463 1077 2487 omne
1109 2461 1318 2499 peccatum
1358 2453 1578 2489 secundum

270 2508 470 2543 racionem
517 2521 595 2555 qua
640 2508 683 2544 fit
728 2508 766 2544 in
803 2508 922 2544 aliam
965 2518 1204 2548 creaturam.
1258 2509 1335 2546 Sed
1365 2510 1512 2558 longe.
1536 2540 1544 2548 .
1569 2538 1577 2546 .

212 2583 255 2612 40
271 2566 345 2601 hoc
389 2567 438 2601 ad
482 2566 801 2602 concludendum
835 2567 942 2614 quod
987 2579 1105 2603 omne
1150 2567 1199 2603 sit
1229 2567 1426 2603 infinitum
1461 2579 1578 2615 grave

270 2623 330 2658 vel
363 2622 526 2670 dignum
558 2623 714 2660 infinita
747 2635 862 2671 pena.

340 2786 369 2813 9.
385 2778 479 2806 Cod.:
494 2780 673 2814 obligatum·
687 2780 824 2815 sequitur
855 2783 893 2807 r?
909 2780 987 2815 (sic).
1056 2780 1093 2808 15.
1109 2781 1203 2808 Cod.:
1220 2780 1353 2816 infinita.
1421 2780 1466 2807 30.
1483 2780 1578 2807 Cod.:

271 2820 416 2848 guorum.
488 2813 536 2848 39.
555 2816 660 2850 longe.
681 2814 740 2842 Hic
760 2815 887 2842 verbum
910 2816 1004 2843 deest.

1782 216 1862 254 559

1623 1490 1675 1517 but
1695 1496 1739 1516 we
1760 1495 1842 1518 must

1639 1524 1737 1551 admit
1755 1525 1821 1552 that

1610 1567 1695 1586 some
1716 1559 1781 1586 sins
1802 1568 1852 1587 are

1679 1601 1781 1620 worse

1628 1629 1702 1655 than
1724 1630 1837 1656 others.
