2050 3292
178 841 214 860 10

176 1118 210 1148 15

158 1694 185 1725 G

165 1981 205 2012 30

236 200 325 228 cAv.
346 191 471 247 xxvi]
704 205 838 236 LIBER
864 204 1073 239 TERTHJS.

234 310 465 353 vecorditer,
508 321 600 358 ergo
637 319 820 358 peccaret
853 320 990 348 contra
1029 311 1319 360 obligacionem
1356 316 1437 350 Deo
1472 315 1537 351 de-

234 368 370 405 bitam.

289 428 551 474 Assumptum
598 434 705 473 patet
750 439 794 462 eo
838 427 946 475 quod
992 428 1112 463 homo
1158 435 1200 463 ut
1246 428 1451 464 continuat
1496 429 1536 464 in

231 484 362 531 gracia
395 483 536 531 recipit
569 483 766 531 ampliora
800 484 945 520 Christi
980 485 1192 521 carismata
1237 493 1272 521 et
1318 494 1358 520 ut
1391 486 1446 522 sic
1480 495 1535 523 est

232 544 315 577 Deo
349 541 564 588 obligacior
597 542 645 576 ad
679 543 916 584 amandum
963 555 1055 578 nam
1095 555 1157 578 ars
1190 542 1379 590 precipua
1414 557 1531 591 quam

231 599 270 634 in
304 600 409 635 scola
445 599 597 635 virtutis
630 598 844 635 adiscimus
879 608 935 635 est
974 612 1034 635 ars
1081 599 1271 647 diligendi
1305 603 1446 644 Deum,
1493 610 1535 637 ut

232 656 294 692 hic
318 656 573 704 supponitur3
608 657 675 691 sed
698 656 816 692 nimis
849 657 1061 693 discolaret
1084 657 1151 705 qui
1175 657 1214 693 in
1243 658 1419 694 leccione
1453 667 1532 694 tam

230 714 451 750 necessaria
497 728 575 751 non
620 713 807 750 continue
852 715 1077 762 proficeret.
1130 716 1221 750 Ideo
1267 715 1362 751 dicit
1395 718 1533 752 beatus

232 773 484 808 Bernhardus
524 771 699 820 Epistola
731 773 780 807 ad
821 772 1032 808 (iai-sinum
1074 774 1279 810 abbatem:
1320 774 1532 820 Quomodo,

231 829 372 877 inquit,
406 830 528 878 ipsum
553 842 695 878 corpus
717 837 885 865 vestrum
910 831 1082 866 continue
1102 838 1168 865 cmt
1191 843 1364 866 crescere
1388 839 1534 867 constat

228 895 293 922 aut
324 887 495 936 deficere,
528 888 580 923 sic
613 899 760 922 necesse
793 895 846 923 est
869 895 903 923 et
925 888 1061 936 spiritu
1084 895 1148 923 aut
1167 889 1362 937 proficere
1384 901 1534 938 semper

228 952 293 979 aut
324 945 498 994 deficere,
546 954 581 981 et
613 945 731 992 paulo
765 954 855 980 ante
888 955 1026 981 contra
1065 945 1257 992 fingentes
1296 947 1403 994 quod
1440 946 1532 982 satis

229 1010 284 1037 est
318 1002 371 1037 eis
395 1011 498 1038 stare
522 1002 561 1038 in
587 1002 777 1045 moribus,
811 1002 901 1038 licet
930 1016 1008 1038 non
1032 1012 1223 1049 crescant,
1258 1003 1314 1039 sic
1336 1004 1530 1051 loquitur:

228 1060 270 1094 Si
311 1060 403 1096 dicis
446 1072 512 1095 nec
552 1061 662 1109 peior
695 1060 794 1108 fieri
828 1061 977 1109 pacior,
1024 1073 1089 1096 nec
1121 1061 1258 1097 melior
1289 1062 1411 1110 cupio,
1450 1063 1531 1109 hoc,

228 1117 366 1164 inquit,
413 1118 468 1152 vis
511 1118 612 1166 quod
655 1129 734 1153 esse
777 1130 849 1153 non
888 1126 1025 1166 potest.
1078 1118 1188 1154 Sicut
1228 1118 1331 1154 enirn
1373 1128 1532 1166 oportet

227 1183 397 1211 stantem
446 1175 484 1210 in
528 1175 661 1223 gracia
707 1175 894 1211 continue
938 1175 1114 1223 recipere
1158 1188 1201 1212 ex
1234 1176 1367 1224 gracia
1400 1189 1531 1224 perse-

227 1232 409 1268 verancie
441 1233 614 1280 graciam
651 1232 902 1280 ampliorem,
948 1233 1002 1269 sic
1035 1242 1193 1269 tenetur
1231 1233 1418 1270 continue
1452 1247 1530 1270 ser-

226 1290 306 1325 vire
350 1290 588 1337 placencins,
635 1290 726 1338 quia
771 1303 849 1326 non
895 1300 1025 1338 potest
1071 1303 1153 1327 esse
1198 1291 1294 1339 quin
1345 1291 1529 1327 meritum

227 1356 423 1384 servatum
470 1360 539 1395 per
582 1356 739 1395 tempus
782 1357 823 1384 ut
868 1348 922 1384 sic
968 1358 1119 1385 crescat
1148 1346 1151 1400 1
1182 1358 1218 1385 θῖ
1262 1349 1317 1385 sic
1350 1350 1530 1397 quamvis

227 1414 337 1441 actus
377 1405 650 1448 intenduntur,
697 1405 956 1442 remittuntur
988 1416 1024 1442 et
1057 1407 1303 1453 repellantur
1336 1407 1530 1443 sucessive

226 1475 295 1510 per
328 1462 442 1503 vices,
478 1472 610 1500 tamen
634 1472 717 1499 tota
742 1464 995 1500 conversacio
1020 1464 1278 1511 predestinati
1311 1464 1531 1500 intenditur

226 1534 297 1567 pro
331 1521 509 1568 quolibet
541 1520 705 1557 instanti
738 1521 797 1557 vie
831 1534 909 1568 quo
955 1531 1011 1558 est
1049 1522 1201 1569 gracia3
1247 1531 1441 1569 quantum
1481 1524 1529 1558 ad

226 1578 427 1614 racionem
463 1578 605 1625 meriti,
640 1591 718 1615 non
750 1578 871 1626 igitur
902 1579 992 1615 licet
1023 1592 1093 1627 pro
1116 1589 1221 1616 statu
1243 1579 1303 1616 vie
1326 1580 1530 1627 quiescere

225 1649 245 1671 a
279 1637 470 1683 profectu.

281 1693 484 1739 Similiter,
531 1695 568 1729 in
613 1702 717 1730 statu
751 1693 983 1730 innocencie
1016 1695 1117 1730 foret
1150 1695 1281 1731 omnis
1314 1695 1403 1731 talis
1438 1708 1529 1731 ceca

224 1751 371 1787 eleccio
407 1761 609 1798 peccatum
647 1752 770 1787 eciam
807 1753 989 1795 mortale,
1030 1754 1096 1788 sed
1130 1765 1212 1788 non
1245 1761 1453 1789 excusatur
1486 1766 1529 1789 ex

223 1809 335 1856 lapsu
382 1818 418 1844 et
462 1809 802 1856 multiplicacione
853 1810 1005 1857 peccati
1050 1810 1214 1846 humani
1274 1810 1427 1857 generis
1480 1824 1528 1846 ne

223 1866 388 1902 omnino
421 1867 470 1902 sit
502 1876 725 1914 peccatum,
772 1867 864 1915 quia
897 1876 989 1903 tunc
1024 1868 1164 1904 melior
1208 1868 1309 1904 foret
1342 1868 1527 1904 condicio

222 1924 456 1970 peccatoris,
473 1924 562 1960 ideo
586 1933 765 1960 remanet
790 1927 835 1960 ad
861 1926 935 1961 hoc
960 1934 1168 1972 peccatum
1196 1926 1378 1965 mortale,
1404 1927 1529 1962 Debet

222 1981 325 2017 enim
360 1982 480 2017 homo
514 1981 675 2029 diligere
699 1984 823 2018 Deum
857 1995 899 2018 ex
934 1991 1016 2018 toto
1050 1984 1186 2030 corde3
1219 1984 1288 2019 sed
1321 1985 1526 2030 quomodo

221 2038 347 2086 diligit
391 2039 443 2075 ita
477 2041 601 2075 Deum
637 2039 703 2087 qui
748 2040 821 2076 scit
860 2042 965 2088 quod
1007 2049 1063 2077 est
1096 2041 1216 2077 homo
1255 2049 1434 2077 austerus
1468 2053 1526 2077 re-

221 2096 381 2144 quirens
426 2097 635 2133 cuiuslibet
679 2098 737 2133 sui
782 2098 913 2145 operis
959 2099 1174 2144 racionem,
1222 2106 1258 2134 et
1302 2108 1436 2135 tamen
1470 2108 1526 2135 est

221 2163 429 2201 superatus
462 2164 624 2202 propter
658 2157 805 2191 bonum
842 2164 1018 2191 creatum
1054 2156 1255 2191 dimittere
1289 2156 1385 2191 illud
1419 2158 1524 2204 quod

220 2212 293 2247 scit
338 2224 420 2247 esse
465 2222 603 2248 contra
637 2213 707 2248 Dei
741 2214 998 2249 voluntatem.
1053 2213 1091 2249 Si
1137 2227 1217 2249 non
1257 2214 1371 2250 fallor
1404 2214 1526 2250 nichil

221 2278 425 2305 excusaret
459 2283 479 2305 a
513 2270 581 2306 Dei
614 2283 750 2306 severo
783 2270 931 2306 iudicio
966 2270 1039 2306 nisi
1088 2279 1143 2311 (ut
1178 2271 1325 2307 ironice
1367 2272 1524 2319 loquar)

219 2326 382 2364 accidia.
435 2327 474 2362 Si
520 2327 624 2363 enim
672 2328 903 2375 ignorancia
950 2328 1073 2375 magis
1118 2328 1206 2364 boni
1253 2341 1332 2364 non
1366 2339 1525 2365 excusat

187 2415 190 2418 .
218 2384 451 2431 simpliciter
484 2385 577 2432 quin
612 2386 825 2421 obmittens
859 2386 1033 2422 debitum
1069 2386 1277 2421 servicium
1313 2399 1384 2434 pro
1418 2395 1523 2422 statu

159 2566 202 2595 40

218 2442 450 2478 innocencie
484 2451 621 2489 peccat
666 2443 866 2484 continue,
915 2444 1038 2479 multo
1074 2443 1196 2491 magis
1236 2444 1411 2480 defectus
1444 2444 1522 2480 sire

218 2499 369 2535 desidia
413 2500 527 2535 huius
573 2501 700 2536 cultus
746 2513 786 2536 ex
832 2513 924 2537 ceca
969 2501 1153 2538 sciencia.
1204 2501 1370 2537 Videtur
1415 2501 1520 2537 enim

218 2558 325 2604 quod
365 2557 486 2604 patris
525 2558 726 2605 sapiencia
766 2570 955 2594 excusans
994 2558 1146 2594 veniale
1186 2559 1443 2595 commissum
1480 2572 1522 2595 ex

286 2677 320 2705 28
353 2678 447 2706 Cod.:
466 2679 537 2706 sint.

287 2761 317 2791 ¹).
347 2750 379 2780 ln
414 2750 561 2791 epistola
589 2752 720 2783 CC1.[11
756 2754 796 2783 ati
832 2752 1022 2783 Guarinum
1056 2752 1213 2783 abbatem
1249 2752 1434 2794 Alpcnscin
1469 2752 1523 2783 hic

217 2795 313 2826 locus
341 2806 405 2826 non
435 2803 532 2829 extat.

1314 2855 1385 2899 39*

1743 206 1817 239 011

1566 437 1624 465 &Vc
1644 444 1756 466 cannot
1777 441 1811 467 be

1595 474 1779 510 stationa1·y;

1562 515 1605 534 we
1627 514 1708 535 must
1728 517 1813 543 grow

1557 542 1586 569 in
1608 551 1696 577 grace
1717 552 1751 570 01·
1772 545 1820 571 tall

1638 586 1734 613 away.

1579 2521 1681 2560 These
1702 2522 1773 2549 who

1617 2562 1737 2595 against

1584 2599 1764 2618 conscience
