<?xml version="1.0" encoding="UTF-8"?>
<!DOCTYPE html PUBLIC "-//W3C//DTD XHTML 1.0 Transitional//EN"
    "http://www.w3.org/TR/xhtml1/DTD/xhtml1-transitional.dtd">
<html xmlns="http://www.w3.org/1999/xhtml" xml:lang="en" lang="en">
 <head>
  <title>
</title>
<meta http-equiv="Content-Type" content="text/html;charset=utf-8" />
  <meta name='ocr-system' content='tesseract 3.04.00' />
  <meta name='ocr-capabilities' content='ocr_page ocr_carea ocr_par ocr_line ocrx_word'/>
</head>
<body>
  <div class='ocr_page' id='page_1' title='image "./decivilidominio04wycl_0198.png"; bbox 0 0 2050 3292; ppageno 0'>
   <div class='ocr_carea' id='block_1_1' title="bbox 247 214 328 264">
    <p class='ocr_par' dir='ltr' id='par_1_1' title="bbox 247 214 328 264">
     <span class='ocr_line' id='line_1_1' title="bbox 247 214 328 264; baseline -0.012 0"><span class='ocrx_word' id='word_1_1' title='bbox 247 214 328 264; x_wconf 83' lang='lat'>548</span> 
     </span>
    </p>
   </div>
   <div class='ocr_carea' id='block_1_2' title="bbox 266 957 480 1123">
    <p class='ocr_par' dir='ltr' id='par_1_2' title="bbox 266 957 480 1054">
     <span class='ocr_line' id='line_1_2' title="bbox 303 957 445 984; baseline 0 0"><span class='ocrx_word' id='word_1_2' title='bbox 303 957 445 984; x_wconf 81' lang='lat' dir='ltr'>Habitual</span> 
     </span>
     <span class='ocr_line' id='line_1_3' title="bbox 268 992 474 1026; baseline 0 -8"><span class='ocrx_word' id='word_1_3' title='bbox 268 992 393 1026; x_wconf 80' lang='lat' dir='ltr'>passion</span> <span class='ocrx_word' id='word_1_4' title='bbox 416 992 474 1019; x_wconf 86' lang='lat' dir='ltr'>and</span> 
     </span>
     <span class='ocr_line' id='line_1_4' title="bbox 266 1026 480 1054; baseline 0.005 -1"><span class='ocrx_word' id='word_1_5' title='bbox 266 1026 480 1054; x_wconf 85' lang='lat' dir='ltr'>drunkenness</span> 
     </span>
    </p>

    <p class='ocr_par' dir='ltr' id='par_1_3' title="bbox 283 1063 461 1123">
     <span class='ocr_line' id='line_1_5' title="bbox 283 1063 461 1089; baseline 0.006 -2"><span class='ocrx_word' id='word_1_6' title='bbox 283 1069 333 1088; x_wconf 79' lang='lat' dir='ltr'>are</span> <span class='ocrx_word' id='word_1_7' title='bbox 353 1063 461 1089; x_wconf 75' lang='lat' dir='ltr'>morta]</span> 
     </span>
     <span class='ocr_line' id='line_1_6' title="bbox 330 1096 404 1123; baseline 0 0"><span class='ocrx_word' id='word_1_8' title='bbox 330 1096 404 1123; x_wconf 79' lang='lat' dir='ltr'>sins.</span> 
     </span>
    </p>
   </div>
   <div class='ocr_carea' id='block_1_3' title="bbox 957 203 1839 258">
    <p class='ocr_par' dir='ltr' id='par_1_4' title="bbox 957 203 1839 258">
     <span class='ocr_line' id='line_1_7' title="bbox 957 203 1839 258; baseline -0.015 -8"><span class='ocrx_word' id='word_1_9' title='bbox 957 219 1015 250; x_wconf 85' lang='lat' dir='ltr'>DE</span> <span class='ocrx_word' id='word_1_10' title='bbox 1043 217 1178 249; x_wconf 85' lang='lat' dir='ltr'>C1V1L1</span> <span class='ocrx_word' id='word_1_11' title='bbox 1203 217 1414 249; x_wconf 75' lang='lat' dir='ltr'>DOMiNio.</span> <span class='ocrx_word' id='word_1_12' title='bbox 1601 203 1707 258; x_wconf 76' lang='lat' dir='ltr'><strong>[CAP.</strong></span> <span class='ocrx_word' id='word_1_13' title='bbox 1728 211 1839 239; x_wconf 83' lang='lat' dir='ltr'>xx1v.</span> 
     </span>
    </p>
   </div>
   <div class='ocr_carea' id='block_1_4' title="bbox 509 321 1934 2225">
    <p class='ocr_par' dir='ltr' id='par_1_5' title="bbox 530 321 1838 488">
     <span class='ocr_line' id='line_1_8' title="bbox 531 321 1837 375; baseline -0.005 -12"><span class='ocrx_word' id='word_1_14' title='bbox 531 327 629 375; x_wconf 88' lang='lat' dir='ltr'>quin</span> <span class='ocrx_word' id='word_1_15' title='bbox 673 327 789 363; x_wconf 88' lang='lat' dir='ltr'>cadat</span> <span class='ocrx_word' id='word_1_16' title='bbox 830 338 851 361; x_wconf 90' lang='lat' dir='ltr'>a</span> <span class='ocrx_word' id='word_1_17' title='bbox 897 323 1062 361; x_wconf 88' lang='lat' dir='ltr'>caritate</span> <span class='ocrx_word' id='word_1_18' title='bbox 1106 336 1187 360; x_wconf 89' lang='lat' dir='ltr'>non</span> <span class='ocrx_word' id='word_1_19' title='bbox 1219 322 1420 370; x_wconf 87' lang='lat' dir='ltr'>diligendo</span> <span class='ocrx_word' id='word_1_20' title='bbox 1459 321 1684 370; x_wconf 81' lang='lat' dir='ltr'>proximum</span> <span class='ocrx_word' id='word_1_21' title='bbox 1724 329 1767 357; x_wconf 88' lang='lat' dir='ltr'>ut</span> <span class='ocrx_word' id='word_1_22' title='bbox 1797 333 1837 357; x_wconf 89' lang='lat' dir='ltr'>se</span> 
     </span>
     <span class='ocr_line' id='line_1_9' title="bbox 530 378 1838 433; baseline -0.005 -12"><span class='ocrx_word' id='word_1_23' title='bbox 530 387 680 433; x_wconf 78' lang='lat' dir='ltr'>ipsum3</span> <span class='ocrx_word' id='word_1_24' title='bbox 726 395 798 419; x_wconf 90' lang='lat' dir='ltr'>nec</span> <span class='ocrx_word' id='word_1_25' title='bbox 840 382 955 419; x_wconf 89' lang='lat' dir='ltr'>video</span> <span class='ocrx_word' id='word_1_26' title='bbox 1001 383 1202 429; x_wconf 91' lang='lat' dir='ltr'>quomodo</span> <span class='ocrx_word' id='word_1_27' title='bbox 1245 380 1335 417; x_wconf 88' lang='lat' dir='ltr'>talis</span> <span class='ocrx_word' id='word_1_28' title='bbox 1378 381 1435 416; x_wconf 89' lang='lat' dir='ltr'>ira</span> <span class='ocrx_word' id='word_1_29' title='bbox 1466 378 1757 416; x_wconf 87' lang='lat' dir='ltr'>irracionabilis</span> <span class='ocrx_word' id='word_1_30' title='bbox 1789 379 1838 416; x_wconf 92' lang='lat' dir='ltr'>sit</span> 
     </span>
     <span class='ocr_line' id='line_1_10' title="bbox 533 436 1835 488; baseline -0.005 -9"><span class='ocrx_word' id='word_1_31' title='bbox 533 441 738 479; x_wconf 87' lang='lat' dir='ltr'>meritoria</span> <span class='ocrx_word' id='word_1_32' title='bbox 776 449 843 477; x_wconf 87' lang='lat' dir='ltr'>aut</span> <span class='ocrx_word' id='word_1_33' title='bbox 882 448 1044 488; x_wconf 81' lang='lat' dir='ltr'>propter</span> <span class='ocrx_word' id='word_1_34' title='bbox 1086 440 1279 475; x_wconf 84' lang='lat' dir='ltr'>honorem</span> <span class='ocrx_word' id='word_1_35' title='bbox 1315 437 1386 473; x_wconf 91' lang='lat' dir='ltr'>Dei</span> <span class='ocrx_word' id='word_1_36' title='bbox 1426 437 1598 473; x_wconf 86' lang='lat' dir='ltr'>finaliter</span> <span class='ocrx_word' id='word_1_37' title='bbox 1631 436 1835 473; x_wconf 88' lang='lat' dir='ltr'>elicienda.</span> 
     </span>
    </p>

    <p class='ocr_par' dir='ltr' id='par_1_6' title="bbox 527 495 1893 940">
     <span class='ocr_line' id='line_1_11' title="bbox 588 495 1835 543; baseline -0.004 -8"><span class='ocrx_word' id='word_1_38' title='bbox 588 501 631 535; x_wconf 89' lang='lat' dir='ltr'>In</span> <span class='ocrx_word' id='word_1_39' title='bbox 675 499 749 536; x_wconf 88' lang='lat' dir='ltr'>ista</span> <span class='ocrx_word' id='word_1_40' title='bbox 791 507 925 534; x_wconf 88' lang='lat' dir='ltr'>tamen</span> <span class='ocrx_word' id='word_1_41' title='bbox 971 498 1136 533; x_wconf 85' lang='lat' dir='ltr'>materia</span> <span class='ocrx_word' id='word_1_42' title='bbox 1169 496 1305 533; x_wconf 89' lang='lat' dir='ltr'>dicunt</span> <span class='ocrx_word' id='word_1_43' title='bbox 1337 495 1500 543; x_wconf 91' lang='lat' dir='ltr'>quidam</span> <span class='ocrx_word' id='word_1_44' title='bbox 1535 496 1719 531; x_wconf 90' lang='lat' dir='ltr'>doctores</span> <span class='ocrx_word' id='word_1_45' title='bbox 1753 508 1835 531; x_wconf 89' lang='lat' dir='ltr'>mo-</span> 
     </span>
     <span class='ocr_line' id='line_1_12' title="bbox 531 552 1869 605; baseline -0.006 -12"><span class='ocrx_word' id='word_1_46' title='bbox 531 557 641 593; x_wconf 91' lang='lat' dir='ltr'>derni</span> <span class='ocrx_word' id='word_1_47' title='bbox 686 557 791 605; x_wconf 91' lang='lat' dir='ltr'>quod</span> <span class='ocrx_word' id='word_1_48' title='bbox 834 557 891 591; x_wconf 86' lang='lat' dir='ltr'>ira</span> <span class='ocrx_word' id='word_1_49' title='bbox 930 567 973 591; x_wconf 84' lang='lat' dir='ltr'>ex</span> <span class='ocrx_word' id='word_1_50' title='bbox 1011 554 1194 602; x_wconf 81' lang='lat' dir='ltr'>passione</span> <span class='ocrx_word' id='word_1_51' title='bbox 1234 562 1344 589; x_wconf 87' lang='lat' dir='ltr'>tanta</span> <span class='ocrx_word' id='word_1_52' title='bbox 1383 554 1459 589; x_wconf 86' lang='lat' dir='ltr'>cito</span> <span class='ocrx_word' id='word_1_53' title='bbox 1504 554 1696 589; x_wconf 88' lang='lat' dir='ltr'>transiens</span> <span class='ocrx_word' id='word_1_54' title='bbox 1738 552 1869 589; x_wconf 64' lang='lat' dir='ltr'>sicut}</span> 
     </span>
     <span class='ocr_line' id='line_1_13' title="bbox 531 610 1835 658; baseline -0.004 -7"><span class='ocrx_word' id='word_1_55' title='bbox 531 615 700 651; x_wconf 83' lang='lat' dir='ltr'>ebrietas</span> <span class='ocrx_word' id='word_1_56' title='bbox 732 621 859 650; x_wconf 88' lang='lat' dir='ltr'>tracta</span> <span class='ocrx_word' id='word_1_57' title='bbox 892 613 930 648; x_wconf 92' lang='lat' dir='ltr'>in</span> <span class='ocrx_word' id='word_1_58' title='bbox 965 611 1319 649; x_wconf 89' lang='lat' dir='ltr'>consuetudinibus</span> <span class='ocrx_word' id='word_1_59' title='bbox 1364 619 1455 648; x_wconf 90' lang='lat' dir='ltr'>sunt</span> <span class='ocrx_word' id='word_1_60' title='bbox 1485 611 1613 648; x_wconf 89' lang='lat' dir='ltr'>solum</span> <span class='ocrx_word' id='word_1_61' title='bbox 1646 610 1835 658; x_wconf 79' lang='lat' dir='ltr'>venialia3</span> 
     </span>
     <span class='ocr_line' id='line_1_14' title="bbox 530 668 1834 718; baseline -0.003 -10"><span class='ocrx_word' id='word_1_62' title='bbox 530 681 566 709; x_wconf 92' lang='lat' dir='ltr'>et</span> <span class='ocrx_word' id='word_1_63' title='bbox 598 673 698 709; x_wconf 89' lang='lat' dir='ltr'>forte</span> <span class='ocrx_word' id='word_1_64' title='bbox 730 671 956 718; x_wconf 90' lang='lat' dir='ltr'>intelligunt</span> <span class='ocrx_word' id='word_1_65' title='bbox 989 671 1097 718; x_wconf 92' lang='lat' dir='ltr'>quod</span> <span class='ocrx_word' id='word_1_66' title='bbox 1129 682 1209 706; x_wconf 86' lang='lat' dir='ltr'>non</span> <span class='ocrx_word' id='word_1_67' title='bbox 1249 678 1338 705; x_wconf 88' lang='lat' dir='ltr'>sunt</span> <span class='ocrx_word' id='word_1_68' title='bbox 1368 670 1465 705; x_wconf 89' lang='lat' dir='ltr'>vicia</span> <span class='ocrx_word' id='word_1_69' title='bbox 1504 668 1834 705; x_wconf 79' lang='lat' dir='ltr'>consuetudinem</span> 
     </span>
     <span class='ocr_line' id='line_1_15' title="bbox 529 726 1834 776; baseline -0.004 -9"><span class='ocrx_word' id='word_1_70' title='bbox 529 729 849 767; x_wconf 88' lang='lat' dir='ltr'>concomitancia</span> <span class='ocrx_word' id='word_1_71' title='bbox 872 730 939 765; x_wconf 88' lang='lat' dir='ltr'>sed</span> <span class='ocrx_word' id='word_1_72' title='bbox 963 740 1007 764; x_wconf 83' lang='lat' dir='ltr'>ex</span> <span class='ocrx_word' id='word_1_73' title='bbox 1030 727 1287 776; x_wconf 89' lang='lat' dir='ltr'>displicencia</span> <span class='ocrx_word' id='word_1_74' title='bbox 1310 735 1581 775; x_wconf 84' lang='lat' dir='ltr'>consequente</span> <span class='ocrx_word' id='word_1_75' title='bbox 1610 726 1834 763; x_wconf 86' lang='lat' dir='ltr'>finicionem</span> 
     </span>
     <span class='ocr_line' id='line_1_16' title="bbox 528 783 1835 836; baseline -0.003 -12"><span class='ocrx_word' id='word_1_76' title='bbox 528 797 638 825; x_wconf 89' lang='lat' dir='ltr'>actus</span> <span class='ocrx_word' id='word_1_77' title='bbox 684 787 875 836; x_wconf 87' lang='lat' dir='ltr'>passibilis</span> <span class='ocrx_word' id='word_1_78' title='bbox 918 786 1073 822; x_wconf 90' lang='lat' dir='ltr'>veniam</span> <span class='ocrx_word' id='word_1_79' title='bbox 1121 786 1431 833; x_wconf 85' lang='lat' dir='ltr'>consequencia;</span> <span class='ocrx_word' id='word_1_80' title='bbox 1476 786 1582 820; x_wconf 92' lang='lat' dir='ltr'>Deus</span> <span class='ocrx_word' id='word_1_81' title='bbox 1627 783 1731 820; x_wconf 90' lang='lat' dir='ltr'>enim</span> <span class='ocrx_word' id='word_1_82' title='bbox 1779 793 1835 821; x_wconf 91' lang='lat' dir='ltr'>est</span> 
     </span>
     <span class='ocr_line' id='line_1_17' title="bbox 527 842 1893 894; baseline -0.006 -12"><span class='ocrx_word' id='word_1_83' title='bbox 527 846 589 882; x_wconf 87' lang='lat' dir='ltr'>lux</span> <span class='ocrx_word' id='word_1_84' title='bbox 633 858 708 894; x_wconf 92' lang='lat' dir='ltr'>que</span> <span class='ocrx_word' id='word_1_85' title='bbox 753 853 1006 893; x_wconf 87' lang='lat' dir='ltr'>peccatorem</span> <span class='ocrx_word' id='word_1_86' title='bbox 1052 843 1204 880; x_wconf 85' lang='lat' dir='ltr'>tociens</span> <span class='ocrx_word' id='word_1_87' title='bbox 1249 842 1414 879; x_wconf 82' lang='lat' dir='ltr'>irradiat</span> <span class='ocrx_word' id='word_1_88' title='bbox 1448 842 1637 890; x_wconf 83' lang='lat' dir='ltr'>quociens</span> <span class='ocrx_word' id='word_1_89' title='bbox 1671 854 1893 879; x_wconf 87' lang='lat' dir='ltr'>conver—10</span> 
     </span>
     <span class='ocr_line' id='line_1_18' title="bbox 527 913 645 940; baseline 0 0"><span class='ocrx_word' id='word_1_90' title='bbox 527 913 645 940; x_wconf 85' lang='lat' dir='ltr'>tatur.</span> 
     </span>
    </p>

    <p class='ocr_par' dir='ltr' id='par_1_7' title="bbox 518 957 1934 1761">
     <span class='ocr_line' id='line_1_19' title="bbox 585 957 1897 998; baseline -0.005 0"><span class='ocrx_word' id='word_1_91' title='bbox 585 963 662 998; x_wconf 88' lang='lat' dir='ltr'>Sed</span> <span class='ocrx_word' id='word_1_92' title='bbox 710 969 848 997; x_wconf 85' lang='lat' dir='ltr'>caveat</span> <span class='ocrx_word' id='word_1_93' title='bbox 900 960 1037 996; x_wconf 89' lang='lat' dir='ltr'>dolens</span> <span class='ocrx_word' id='word_1_94' title='bbox 1083 960 1130 995; x_wconf 91' lang='lat' dir='ltr'>de</span> <span class='ocrx_word' id='word_1_95' title='bbox 1175 958 1390 995; x_wconf 88' lang='lat' dir='ltr'>commisso</span> <span class='ocrx_word' id='word_1_96' title='bbox 1435 970 1483 994; x_wconf 93' lang='lat' dir='ltr'>ne</span> <span class='ocrx_word' id='word_1_97' title='bbox 1529 957 1750 994; x_wconf 87' lang='lat' dir='ltr'>menciatur</span> <span class='ocrx_word' id='word_1_98' title='bbox 1794 971 1834 995; x_wconf 88' lang='lat' dir='ltr'>se</span> <span class='ocrx_word' id='word_1_99' title='bbox 1875 961 1897 991; x_wconf 81' lang='grc' dir='ltr'>Ρ</span> 
     </span>
     <span class='ocr_line' id='line_1_20' title="bbox 527 1016 1833 1065; baseline -0.003 -10"><span class='ocrx_word' id='word_1_100' title='bbox 527 1018 689 1065; x_wconf 85' lang='lat' dir='ltr'>conteri,</span> <span class='ocrx_word' id='word_1_101' title='bbox 731 1031 819 1054; x_wconf 92' lang='lat' dir='ltr'>cum</span> <span class='ocrx_word' id='word_1_102' title='bbox 860 1017 921 1053; x_wconf 84' lang='lat' dir='ltr'>vix</span> <span class='ocrx_word' id='word_1_103' title='bbox 960 1025 1145 1062; x_wconf 82' lang='lat' dir='ltr'>ateratur,</span> <span class='ocrx_word' id='word_1_104' title='bbox 1193 1016 1260 1064; x_wconf 89' lang='lat' dir='ltr'>qui</span> <span class='ocrx_word' id='word_1_105' title='bbox 1305 1016 1513 1063; x_wconf 85' lang='lat' dir='ltr'>diligenter</span> <span class='ocrx_word' id='word_1_106' title='bbox 1544 1028 1623 1052; x_wconf 89' lang='lat' dir='ltr'>non</span> <span class='ocrx_word' id='word_1_107' title='bbox 1655 1025 1833 1052; x_wconf 85' lang='lat' dir='ltr'>removet</span> 
     </span>
     <span class='ocr_line' id='line_1_21' title="bbox 525 1072 1833 1124; baseline -0.003 -11"><span class='ocrx_word' id='word_1_108' title='bbox 525 1077 780 1113; x_wconf 86' lang='lat' dir='ltr'>occasionem</span> <span class='ocrx_word' id='word_1_109' title='bbox 814 1075 1021 1124; x_wconf 83' lang='lat' dir='ltr'>peccandi.</span> <span class='ocrx_word' id='word_1_110' title='bbox 1056 1076 1169 1111; x_wconf 90' lang='lat' dir='ltr'>Unde</span> <span class='ocrx_word' id='word_1_111' title='bbox 1202 1087 1281 1110; x_wconf 89' lang='lat' dir='ltr'>non</span> <span class='ocrx_word' id='word_1_112' title='bbox 1313 1075 1467 1110; x_wconf 90' lang='lat' dir='ltr'>videtur</span> <span class='ocrx_word' id='word_1_113' title='bbox 1492 1072 1613 1110; x_wconf 88' lang='lat' dir='ltr'>michi</span> <span class='ocrx_word' id='word_1_114' title='bbox 1637 1073 1833 1122; x_wconf 85' lang='lat' dir='ltr'>scripture</span> 
     </span>
     <span class='ocr_line' id='line_1_22' title="bbox 524 1128 1934 1184; baseline -0.005 -13"><span class='ocrx_word' id='word_1_115' title='bbox 524 1135 584 1171; x_wconf 91' lang='lat' dir='ltr'>vel</span> <span class='ocrx_word' id='word_1_116' title='bbox 616 1135 775 1171; x_wconf 87' lang='lat' dir='ltr'>racione</span> <span class='ocrx_word' id='word_1_117' title='bbox 809 1146 1029 1170; x_wconf 86' lang='lat' dir='ltr'>consonum</span> <span class='ocrx_word' id='word_1_118' title='bbox 1061 1128 1065 1184; x_wconf 85' lang='grc' dir='ltr'>Ι</span> <span class='ocrx_word' id='word_1_119' title='bbox 1095 1134 1199 1181; x_wconf 90' lang='lat' dir='ltr'>quod</span> <span class='ocrx_word' id='word_1_120' title='bbox 1233 1131 1411 1180; x_wconf 89' lang='lat' dir='ltr'>quotidie</span> <span class='ocrx_word' id='word_1_121' title='bbox 1444 1131 1647 1168; x_wconf 90' lang='lat' dir='ltr'>inebrians</span> <span class='ocrx_word' id='word_1_122' title='bbox 1678 1144 1718 1168; x_wconf 90' lang='lat' dir='ltr'>se</span> <span class='ocrx_word' id='word_1_123' title='bbox 1742 1145 1831 1169; x_wconf 89' lang='lat' dir='ltr'>cum</span> <span class='ocrx_word' id='word_1_124' title='bbox 1873 1144 1934 1165; x_wconf 80' lang='lat'>222</span> 
     </span>
     <span class='ocr_line' id='line_1_23' title="bbox 524 1190 1832 1240; baseline -0.002 -12"><span class='ocrx_word' id='word_1_125' title='bbox 524 1191 838 1229; x_wconf 88' lang='lat' dir='ltr'>circumstanciis</span> <span class='ocrx_word' id='word_1_126' title='bbox 871 1190 1127 1240; x_wconf 82' lang='lat' dir='ltr'>gravantibus</span> <span class='ocrx_word' id='word_1_127' title='bbox 1159 1203 1284 1238; x_wconf 89' lang='lat' dir='ltr'>usque</span> <span class='ocrx_word' id='word_1_128' title='bbox 1317 1191 1366 1226; x_wconf 91' lang='lat' dir='ltr'>ad</span> <span class='ocrx_word' id='word_1_129' title='bbox 1400 1190 1610 1226; x_wconf 85' lang='lat' dir='ltr'>sabbatum</span> <span class='ocrx_word' id='word_1_130' title='bbox 1641 1198 1678 1226; x_wconf 91' lang='lat' dir='ltr'>et</span> <span class='ocrx_word' id='word_1_131' title='bbox 1702 1190 1832 1226; x_wconf 88' lang='lat' dir='ltr'>minus</span> 
     </span>
     <span class='ocr_line' id='line_1_24' title="bbox 522 1248 1831 1296; baseline -0.001 -11"><span class='ocrx_word' id='word_1_132' title='bbox 522 1250 740 1287; x_wconf 88' lang='lat' dir='ltr'>inebriatus</span> <span class='ocrx_word' id='word_1_133' title='bbox 774 1250 813 1286; x_wconf 89' lang='lat' dir='ltr'>in</span> <span class='ocrx_word' id='word_1_134' title='bbox 845 1251 1012 1286; x_wconf 80' lang='lat' dir='ltr'>sabbato</span> <span class='ocrx_word' id='word_1_135' title='bbox 1047 1261 1090 1284; x_wconf 86' lang='lat' dir='ltr'>ex</span> <span class='ocrx_word' id='word_1_136' title='bbox 1123 1248 1408 1285; x_wconf 88' lang='lat' dir='ltr'>consuetudine</span> <span class='ocrx_word' id='word_1_137' title='bbox 1431 1256 1560 1284; x_wconf 82' lang='lat' dir='ltr'>tracta</span> <span class='ocrx_word' id='word_1_138' title='bbox 1583 1256 1676 1284; x_wconf 90' lang='lat' dir='ltr'>tunc</span> <span class='ocrx_word' id='word_1_139' title='bbox 1700 1248 1831 1296; x_wconf 87' lang='lat' dir='ltr'>primo</span> 
     </span>
     <span class='ocr_line' id='line_1_25' title="bbox 522 1305 1830 1357; baseline -0.001 -14"><span class='ocrx_word' id='word_1_140' title='bbox 522 1308 561 1344; x_wconf 87' lang='lat' dir='ltr'>in</span> <span class='ocrx_word' id='word_1_141' title='bbox 592 1309 683 1355; x_wconf 91' lang='lat' dir='ltr'>gula</span> <span class='ocrx_word' id='word_1_142' title='bbox 715 1317 853 1356; x_wconf 90' lang='lat' dir='ltr'>peccet</span> <span class='ocrx_word' id='word_1_143' title='bbox 884 1306 1120 1357; x_wconf 75' lang='lat' dir='ltr'>mortaliter,</span> <span class='ocrx_word' id='word_1_144' title='bbox 1165 1306 1259 1354; x_wconf 88' lang='lat' dir='ltr'>quia</span> <span class='ocrx_word' id='word_1_145' title='bbox 1303 1305 1534 1354; x_wconf 86' lang='lat' dir='ltr'>frequencia</span> <span class='ocrx_word' id='word_1_146' title='bbox 1574 1315 1830 1353; x_wconf 88' lang='lat' dir='ltr'>peccatorum</span> 
     </span>
     <span class='ocr_line' id='line_1_26' title="bbox 521 1362 1832 1413; baseline -0.002 -11"><span class='ocrx_word' id='word_1_147' title='bbox 521 1366 827 1413; x_wconf 88' lang='lat' dir='ltr'>precedencium</span> <span class='ocrx_word' id='word_1_148' title='bbox 861 1366 908 1401; x_wconf 93' lang='lat' dir='ltr'>de</span> <span class='ocrx_word' id='word_1_149' title='bbox 941 1365 1081 1413; x_wconf 89' lang='lat' dir='ltr'>quibus</span> <span class='ocrx_word' id='word_1_150' title='bbox 1114 1373 1171 1400; x_wconf 89' lang='lat' dir='ltr'>est</span> <span class='ocrx_word' id='word_1_151' title='bbox 1204 1364 1403 1401; x_wconf 89' lang='lat' dir='ltr'>confessus</span> <span class='ocrx_word' id='word_1_152' title='bbox 1437 1362 1644 1411; x_wconf 88' lang='lat' dir='ltr'>contritus,</span> <span class='ocrx_word' id='word_1_153' title='bbox 1684 1372 1721 1400; x_wconf 90' lang='lat' dir='ltr'>et</span> <span class='ocrx_word' id='word_1_154' title='bbox 1752 1377 1832 1401; x_wconf 92' lang='lat' dir='ltr'>non</span> 
     </span>
     <span class='ocr_line' id='line_1_27' title="bbox 521 1421 1890 1471; baseline -0.003 -12"><span class='ocrx_word' id='word_1_155' title='bbox 521 1423 677 1460; x_wconf 88' lang='lat' dir='ltr'>videtur</span> <span class='ocrx_word' id='word_1_156' title='bbox 729 1425 954 1471; x_wconf 82' lang='lat' dir='ltr'>extinguere</span> <span class='ocrx_word' id='word_1_157' title='bbox 1007 1422 1213 1459; x_wconf 89' lang='lat' dir='ltr'>caritatem</span> <span class='ocrx_word' id='word_1_158' title='bbox 1267 1421 1406 1470; x_wconf 86' lang='lat' dir='ltr'>pocius</span> <span class='ocrx_word' id='word_1_159' title='bbox 1452 1434 1573 1469; x_wconf 91' lang='lat' dir='ltr'>quam</span> <span class='ocrx_word' id='word_1_160' title='bbox 1627 1422 1833 1470; x_wconf 84' lang='lat' dir='ltr'>quodlibet</span> <span class='ocrx_word' id='word_1_161' title='bbox 1849 1434 1890 1455; x_wconf 88' lang='lat'>20</span> 
     </span>
     <span class='ocr_line' id='line_1_28' title="bbox 521 1478 1830 1529; baseline -0.001 -11"><span class='ocrx_word' id='word_1_162' title='bbox 521 1494 676 1526; x_wconf 52' lang='lat' dir='ltr'>eorunm</span> <span class='ocrx_word' id='word_1_163' title='bbox 722 1481 945 1529; x_wconf 89' lang='lat' dir='ltr'>predictum</span> <span class='ocrx_word' id='word_1_164' title='bbox 980 1479 1098 1528; x_wconf 89' lang='lat' dir='ltr'>igitur</span> <span class='ocrx_word' id='word_1_165' title='bbox 1136 1481 1368 1528; x_wconf 86' lang='lat' dir='ltr'>precedens,</span> <span class='ocrx_word' id='word_1_166' title='bbox 1414 1479 1504 1516; x_wconf 90' lang='lat' dir='ltr'>licet</span> <span class='ocrx_word' id='word_1_167' title='bbox 1544 1491 1623 1516; x_wconf 92' lang='lat' dir='ltr'>non</span> <span class='ocrx_word' id='word_1_168' title='bbox 1655 1478 1705 1516; x_wconf 90' lang='lat' dir='ltr'>sit</span> <span class='ocrx_word' id='word_1_169' title='bbox 1738 1493 1830 1517; x_wconf 90' lang='lat' dir='ltr'>con-</span> 
     </span>
     <span class='ocr_line' id='line_1_29' title="bbox 520 1537 1831 1588; baseline -0.001 -13"><span class='ocrx_word' id='word_1_170' title='bbox 520 1539 823 1576; x_wconf 87' lang='lat' dir='ltr'>suetudinaliter</span> <span class='ocrx_word' id='word_1_171' title='bbox 855 1538 1072 1588; x_wconf 83' lang='lat' dir='ltr'>habituale,</span> <span class='ocrx_word' id='word_1_172' title='bbox 1105 1537 1262 1575; x_wconf 86' lang='lat' dir='ltr'>videtur</span> <span class='ocrx_word' id='word_1_173' title='bbox 1295 1537 1416 1574; x_wconf 89' lang='lat' dir='ltr'>michi</span> <span class='ocrx_word' id='word_1_174' title='bbox 1448 1545 1584 1574; x_wconf 88' lang='lat' dir='ltr'>tamen</span> <span class='ocrx_word' id='word_1_175' title='bbox 1617 1549 1700 1574; x_wconf 89' lang='lat' dir='ltr'>esse</span> <span class='ocrx_word' id='word_1_176' title='bbox 1724 1551 1831 1574; x_wconf 89' lang='lat' dir='ltr'>mor-</span> 
     </span>
     <span class='ocr_line' id='line_1_30' title="bbox 519 1595 1831 1645; baseline -0.002 -11"><span class='ocrx_word' id='word_1_177' title='bbox 519 1598 609 1641; x_wconf 87' lang='lat' dir='ltr'>tale,</span> <span class='ocrx_word' id='word_1_178' title='bbox 669 1597 762 1645; x_wconf 88' lang='lat' dir='ltr'>quia</span> <span class='ocrx_word' id='word_1_179' title='bbox 821 1605 962 1633; x_wconf 89' lang='lat' dir='ltr'>contra</span> <span class='ocrx_word' id='word_1_180' title='bbox 1014 1605 1245 1644; x_wconf 85' lang='lat' dir='ltr'>preceptum</span> <span class='ocrx_word' id='word_1_181' title='bbox 1306 1595 1530 1643; x_wconf 88' lang='lat' dir='ltr'>negativum</span> <span class='ocrx_word' id='word_1_182' title='bbox 1572 1608 1645 1643; x_wconf 88' lang='lat' dir='ltr'>pro</span> <span class='ocrx_word' id='word_1_183' title='bbox 1674 1608 1831 1644; x_wconf 88' lang='lat' dir='ltr'>semper</span> 
     </span>
     <span class='ocr_line' id='line_1_31' title="bbox 518 1653 1830 1703; baseline -0.001 -12"><span class='ocrx_word' id='word_1_184' title='bbox 518 1656 699 1703; x_wconf 90' lang='lat' dir='ltr'>obligans</span> <span class='ocrx_word' id='word_1_185' title='bbox 733 1656 804 1692; x_wconf 88' lang='lat' dir='ltr'>sub</span> <span class='ocrx_word' id='word_1_186' title='bbox 837 1666 940 1702; x_wconf 90' lang='lat' dir='ltr'>pena</span> <span class='ocrx_word' id='word_1_187' title='bbox 974 1654 1172 1699; x_wconf 88' lang='lat' dir='ltr'>mortalis;</span> <span class='ocrx_word' id='word_1_188' title='bbox 1218 1661 1254 1690; x_wconf 90' lang='lat' dir='ltr'>et</span> <span class='ocrx_word' id='word_1_189' title='bbox 1299 1655 1346 1690; x_wconf 92' lang='lat' dir='ltr'>de</span> <span class='ocrx_word' id='word_1_190' title='bbox 1391 1653 1459 1690; x_wconf 86' lang='lat' dir='ltr'>tali</span> <span class='ocrx_word' id='word_1_191' title='bbox 1500 1653 1601 1690; x_wconf 86' lang='lat' dir='ltr'>vicio</span> <span class='ocrx_word' id='word_1_192' title='bbox 1646 1654 1830 1691; x_wconf 85' lang='lat' dir='ltr'>locuntur</span> 
     </span>
     <span class='ocr_line' id='line_1_32' title="bbox 518 1713 1884 1761; baseline -0.004 -12"><span class='ocrx_word' id='word_1_193' title='bbox 518 1713 708 1761; x_wconf 85' lang='lat' dir='ltr'>theologi.</span> <span class='ocrx_word' id='word_1_194' title='bbox 1845 1714 1884 1745; x_wconf 80' lang='lat'>25</span> 
     </span>
    </p>

    <p class='ocr_par' dir='ltr' id='par_1_8' title="bbox 509 1769 1880 2225">
     <span class='ocr_line' id='line_1_33' title="bbox 574 1769 1828 1817; baseline -0.002 -10"><span class='ocrx_word' id='word_1_195' title='bbox 574 1773 622 1807; x_wconf 88' lang='lat' dir='ltr'>Et</span> <span class='ocrx_word' id='word_1_196' title='bbox 666 1771 783 1807; x_wconf 91' lang='lat' dir='ltr'>istam</span> <span class='ocrx_word' id='word_1_197' title='bbox 830 1770 1073 1807; x_wconf 89' lang='lat' dir='ltr'>sentenciam</span> <span class='ocrx_word' id='word_1_198' title='bbox 1120 1770 1296 1806; x_wconf 88' lang='lat' dir='ltr'>declarat</span> <span class='ocrx_word' id='word_1_199' title='bbox 1340 1769 1481 1806; x_wconf 88' lang='lat' dir='ltr'>diffuse</span> <span class='ocrx_word' id='word_1_200' title='bbox 1512 1769 1755 1817; x_wconf 89' lang='lat' dir='ltr'>Augustinus</span> <span class='ocrx_word' id='word_1_201' title='bbox 1788 1769 1828 1805; x_wconf 93' lang='lat' dir='ltr'>in</span> 
     </span>
     <span class='ocr_line' id='line_1_34' title="bbox 515 1827 1825 1875; baseline -0.002 -10"><span class='ocrx_word' id='word_1_202' title='bbox 515 1828 617 1865; x_wconf 90' lang='lat' dir='ltr'>libro</span> <span class='ocrx_word' id='word_1_203' title='bbox 649 1841 722 1865; x_wconf 92' lang='lat' dir='ltr'>suo</span> <span class='ocrx_word' id='word_1_204' title='bbox 755 1831 810 1864; x_wconf 96' lang='lat' dir='ltr'>De</span> <span class='ocrx_word' id='word_1_205' title='bbox 845 1828 1063 1864; x_wconf 84' lang='lat' dir='ltr'>Ebrietate:</span> <span class='ocrx_word' id='word_1_206' title='bbox 1099 1827 1140 1864; x_wconf 83' lang='lat' dir='ltr'>Si</span> <span class='ocrx_word' id='word_1_207' title='bbox 1173 1827 1277 1864; x_wconf 91' lang='lat' dir='ltr'>enim</span> <span class='ocrx_word' id='word_1_208' title='bbox 1312 1836 1404 1864; x_wconf 89' lang='lat' dir='ltr'>tunc</span> <span class='ocrx_word' id='word_1_209' title='bbox 1437 1828 1672 1864; x_wconf 83' lang='lat' dir='ltr'>mandatum</span> <span class='ocrx_word' id='word_1_210' title='bbox 1706 1839 1825 1875; x_wconf 89' lang='lat' dir='ltr'>nega-</span> 
     </span>
     <span class='ocr_line' id='line_1_35' title="bbox 515 1885 1824 1935; baseline -0.001 -13"><span class='ocrx_word' id='word_1_211' title='bbox 515 1886 638 1922; x_wconf 89' lang='lat' dir='ltr'>tivum</span> <span class='ocrx_word' id='word_1_212' title='bbox 672 1899 745 1935; x_wconf 91' lang='lat' dir='ltr'>pro</span> <span class='ocrx_word' id='word_1_213' title='bbox 778 1898 934 1934; x_wconf 89' lang='lat' dir='ltr'>semper</span> <span class='ocrx_word' id='word_1_214' title='bbox 965 1885 1115 1933; x_wconf 87' lang='lat' dir='ltr'>obligat</span> <span class='ocrx_word' id='word_1_215' title='bbox 1158 1887 1230 1922; x_wconf 92' lang='lat' dir='ltr'>sub</span> <span class='ocrx_word' id='word_1_216' title='bbox 1263 1897 1366 1933; x_wconf 85' lang='lat' dir='ltr'>pena</span> <span class='ocrx_word' id='word_1_217' title='bbox 1401 1885 1593 1931; x_wconf 86' lang='lat' dir='ltr'>mortalis,</span> <span class='ocrx_word' id='word_1_218' title='bbox 1638 1886 1706 1922; x_wconf 83' lang='lat' dir='ltr'>sed</span> <span class='ocrx_word' id='word_1_219' title='bbox 1740 1897 1824 1933; x_wconf 91' lang='lat' dir='ltr'>pre-</span> 
     </span>
     <span class='ocr_line' id='line_1_36' title="bbox 516 1943 1822 1992; baseline -0.001 -12"><span class='ocrx_word' id='word_1_220' title='bbox 516 1953 675 1992; x_wconf 89' lang='lat' dir='ltr'>ceptum</span> <span class='ocrx_word' id='word_1_221' title='bbox 710 1945 881 1981; x_wconf 90' lang='lat' dir='ltr'>secunde</span> <span class='ocrx_word' id='word_1_222' title='bbox 913 1943 1047 1980; x_wconf 88' lang='lat' dir='ltr'>tabule</span> <span class='ocrx_word' id='word_1_223' title='bbox 1080 1951 1137 1979; x_wconf 90' lang='lat' dir='ltr'>est</span> <span class='ocrx_word' id='word_1_224' title='bbox 1169 1956 1241 1980; x_wconf 86' lang='lat' dir='ltr'>non</span> <span class='ocrx_word' id='word_1_225' title='bbox 1274 1943 1420 1979; x_wconf 88' lang='lat' dir='ltr'>iniuste</span> <span class='ocrx_word' id='word_1_226' title='bbox 1449 1943 1719 1992; x_wconf 77' lang='lat' dir='ltr'>concupiscere</span> <span class='ocrx_word' id='word_1_227' title='bbox 1742 1955 1822 1979; x_wconf 87' lang='lat' dir='ltr'>rem</span> 
     </span>
     <span class='ocr_line' id='line_1_37' title="bbox 509 2001 1880 2051; baseline -0.001 -14"><span class='ocrx_word' id='word_1_228' title='bbox 509 2002 708 2051; x_wconf 81' lang='lat' dir='ltr'>proximi:</span> <span class='ocrx_word' id='word_1_229' title='bbox 738 2003 894 2038; x_wconf 87' lang='lat' dir='ltr'>videtur</span> <span class='ocrx_word' id='word_1_230' title='bbox 926 2002 1033 2050; x_wconf 92' lang='lat' dir='ltr'>quod</span> <span class='ocrx_word' id='word_1_231' title='bbox 1063 2001 1193 2038; x_wconf 88' lang='lat' dir='ltr'>omnis</span> <span class='ocrx_word' id='word_1_232' title='bbox 1226 2002 1386 2049; x_wconf 90' lang='lat' dir='ltr'>gulosus</span> <span class='ocrx_word' id='word_1_233' title='bbox 1418 2010 1558 2049; x_wconf 88' lang='lat' dir='ltr'>peccat</span> <span class='ocrx_word' id='word_1_234' title='bbox 1588 2001 1820 2046; x_wconf 88' lang='lat' dir='ltr'>mortaliter,</span> <span class='ocrx_word' id='word_1_235' title='bbox 1839 2003 1880 2034; x_wconf 81' lang='lat'>30</span> 
     </span>
     <span class='ocr_line' id='line_1_38' title="bbox 512 2059 1822 2107; baseline -0.001 -11"><span class='ocrx_word' id='word_1_236' title='bbox 512 2072 605 2096; x_wconf 86' lang='lat' dir='ltr'>nam</span> <span class='ocrx_word' id='word_1_237' title='bbox 649 2060 785 2096; x_wconf 90' lang='lat' dir='ltr'>omnia</span> <span class='ocrx_word' id='word_1_238' title='bbox 829 2068 920 2096; x_wconf 89' lang='lat' dir='ltr'>sunt</span> <span class='ocrx_word' id='word_1_239' title='bbox 962 2059 1157 2095; x_wconf 88' lang='lat' dir='ltr'>iustorum</span> <span class='ocrx_word' id='word_1_240' title='bbox 1204 2068 1240 2096; x_wconf 92' lang='lat' dir='ltr'>et</span> <span class='ocrx_word' id='word_1_241' title='bbox 1284 2060 1412 2095; x_wconf 87' lang='lat' dir='ltr'>omnis</span> <span class='ocrx_word' id='word_1_242' title='bbox 1452 2059 1645 2107; x_wconf 90' lang='lat' dir='ltr'>peccandi</span> <span class='ocrx_word' id='word_1_243' title='bbox 1679 2072 1822 2096; x_wconf 90' lang='lat' dir='ltr'>concu-</span> 
     </span>
     <span class='ocr_line' id='line_1_39' title="bbox 512 2116 1820 2166; baseline -0.002 -12"><span class='ocrx_word' id='word_1_244' title='bbox 512 2117 712 2166; x_wconf 88' lang='lat' dir='ltr'>piscencia</span> <span class='ocrx_word' id='word_1_245' title='bbox 755 2130 837 2154; x_wconf 89' lang='lat' dir='ltr'>non</span> <span class='ocrx_word' id='word_1_246' title='bbox 882 2125 938 2154; x_wconf 91' lang='lat' dir='ltr'>est</span> <span class='ocrx_word' id='word_1_247' title='bbox 982 2116 1098 2164; x_wconf 88' lang='lat' dir='ltr'>iusta,</span> <span class='ocrx_word' id='word_1_248' title='bbox 1144 2117 1236 2166; x_wconf 91' lang='lat' dir='ltr'>quia</span> <span class='ocrx_word' id='word_1_249' title='bbox 1282 2127 1420 2154; x_wconf 87' lang='lat' dir='ltr'>contra</span> <span class='ocrx_word' id='word_1_250' title='bbox 1452 2117 1685 2162; x_wconf 87' lang='lat' dir='ltr'>Dominum,</span> <span class='ocrx_word' id='word_1_251' title='bbox 1731 2130 1820 2154; x_wconf 89' lang='lat' dir='ltr'>cum</span> 
     </span>
     <span class='ocr_line' id='line_1_40' title="bbox 512 2174 1819 2225; baseline -0.001 -14"><span class='ocrx_word' id='word_1_252' title='bbox 512 2177 636 2213; x_wconf 87' lang='lat' dir='ltr'>Math.</span> <span class='ocrx_word' id='word_1_253' title='bbox 669 2176 751 2222; x_wconf 77' lang='lat' dir='ltr'>XII,</span> <span class='ocrx_word' id='word_1_254' title='bbox 785 2186 839 2225; x_wconf 78' lang='lat'>30</span> <span class='ocrx_word' id='word_1_255' title='bbox 883 2175 989 2211; x_wconf 86' lang='lat' dir='ltr'>dicat</span> <span class='ocrx_word' id='word_1_256' title='bbox 1032 2174 1297 2222; x_wconf 86' lang='lat' dir='ltr'>pertinenter:</span> <span class='ocrx_word' id='word_1_257' title='bbox 1339 2175 1415 2219; x_wconf 81' lang='lat' dir='ltr'>Qui</span> <span class='ocrx_word' id='word_1_258' title='bbox 1457 2188 1529 2212; x_wconf 84' lang='lat' dir='ltr'>non</span> <span class='ocrx_word' id='word_1_259' title='bbox 1574 2182 1630 2211; x_wconf 84' lang='lat' dir='ltr'>est</span> <span class='ocrx_word' id='word_1_260' title='bbox 1674 2187 1819 2211; x_wconf 83' lang='lat' dir='ltr'>mecum</span> 
     </span>
    </p>
   </div>
   <div class='ocr_carea' id='block_1_5' title="bbox 513 2240 1875 2338">
    <p class='ocr_par' dir='ltr' id='par_1_9' title="bbox 513 2240 1875 2338">
     <span class='ocr_line' id='line_1_41' title="bbox 513 2240 838 2270; baseline 0 -1"><span class='ocrx_word' id='word_1_261' title='bbox 513 2241 648 2270; x_wconf 82' lang='lat' dir='ltr'>contra</span> <span class='ocrx_word' id='word_1_262' title='bbox 681 2245 739 2269; x_wconf 84' lang='lat' dir='ltr'>me</span> <span class='ocrx_word' id='word_1_263' title='bbox 771 2240 838 2269; x_wconf 78' lang='lat' dir='ltr'>est.</span> 
     </span>
     <span class='ocr_line' id='line_1_42' title="bbox 567 2290 1875 2338; baseline -0.002 -11"><span class='ocrx_word' id='word_1_264' title='bbox 567 2292 678 2337; x_wconf 87' lang='lat' dir='ltr'>Item,</span> <span class='ocrx_word' id='word_1_265' title='bbox 697 2292 915 2327; x_wconf 87' lang='lat' dir='ltr'>secundum</span> <span class='ocrx_word' id='word_1_266' title='bbox 938 2291 1097 2326; x_wconf 88' lang='lat' dir='ltr'>beatum</span> <span class='ocrx_word' id='word_1_267' title='bbox 1115 2292 1393 2327; x_wconf 85' lang='lat' dir='ltr'>Bernhardum</span> <span class='ocrx_word' id='word_1_268' title='bbox 1417 2290 1484 2327; x_wconf 91' lang='lat' dir='ltr'>ubi</span> <span class='ocrx_word' id='word_1_269' title='bbox 1506 2303 1626 2338; x_wconf 88' lang='lat' dir='ltr'>supra</span> <span class='ocrx_word' id='word_1_270' title='bbox 1648 2290 1820 2326; x_wconf 87' lang='lat' dir='ltr'>scienter</span> <span class='ocrx_word' id='word_1_271' title='bbox 1835 2292 1875 2324; x_wconf 78' lang='lat'>35</span> 
     </span>
    </p>
   </div>
   <div class='ocr_carea' id='block_1_6' title="bbox 510 2347 1819 2570">
    <p class='ocr_par' dir='ltr' id='par_1_10' title="bbox 510 2347 1819 2570">
     <span class='ocr_line' id='line_1_43' title="bbox 511 2347 1819 2396; baseline -0.001 -11"><span class='ocrx_word' id='word_1_272' title='bbox 511 2348 814 2385; x_wconf 87' lang='lat' dir='ltr'>contravenieus</span> <span class='ocrx_word' id='word_1_273' title='bbox 849 2347 1012 2385; x_wconf 85' lang='lat' dir='ltr'>consilio</span> <span class='ocrx_word' id='word_1_274' title='bbox 1045 2348 1198 2385; x_wconf 87' lang='lat' dir='ltr'>abbatis</span> <span class='ocrx_word' id='word_1_275' title='bbox 1236 2348 1384 2385; x_wconf 88' lang='lat' dir='ltr'>terreni</span> <span class='ocrx_word' id='word_1_276' title='bbox 1423 2357 1562 2396; x_wconf 87' lang='lat' dir='ltr'>peccat</span> <span class='ocrx_word' id='word_1_277' title='bbox 1596 2347 1819 2384; x_wconf 86' lang='lat' dir='ltr'>mortaliter</span> 
     </span>
     <span class='ocr_line' id='line_1_44' title="bbox 511 2405 1818 2454; baseline -0.001 -12"><span class='ocrx_word' id='word_1_278' title='bbox 511 2418 554 2442; x_wconf 89' lang='lat' dir='ltr'>ex</span> <span class='ocrx_word' id='word_1_279' title='bbox 586 2415 829 2454; x_wconf 87' lang='lat' dir='ltr'>contemptu,</span> <span class='ocrx_word' id='word_1_280' title='bbox 864 2406 982 2454; x_wconf 89' lang='lat' dir='ltr'>igitur</span> <span class='ocrx_word' id='word_1_281' title='bbox 1017 2407 1142 2443; x_wconf 88' lang='lat' dir='ltr'>multo</span> <span class='ocrx_word' id='word_1_282' title='bbox 1176 2407 1298 2454; x_wconf 90' lang='lat' dir='ltr'>magis</span> <span class='ocrx_word' id='word_1_283' title='bbox 1321 2406 1491 2443; x_wconf 87' lang='lat' dir='ltr'>scienter</span> <span class='ocrx_word' id='word_1_284' title='bbox 1514 2405 1818 2443; x_wconf 77' lang='lat' dir='ltr'>contrave-niens</span> 
     </span>
     <span class='ocr_line' id='line_1_45' title="bbox 511 2463 1818 2512; baseline -0.001 -12"><span class='ocrx_word' id='word_1_285' title='bbox 511 2464 685 2501; x_wconf 89' lang='lat' dir='ltr'>consiliis</span> <span class='ocrx_word' id='word_1_286' title='bbox 718 2463 873 2501; x_wconf 90' lang='lat' dir='ltr'>abbatis</span> <span class='ocrx_word' id='word_1_287' title='bbox 906 2464 1042 2512; x_wconf 90' lang='lat' dir='ltr'>primi:</span> <span class='ocrx_word' id='word_1_288' title='bbox 1078 2465 1290 2510; x_wconf 85' lang='lat' dir='ltr'>Quomodo</span> <span class='ocrx_word' id='word_1_289' title='bbox 1323 2477 1432 2512; x_wconf 89' lang='lat' dir='ltr'>rogo,</span> <span class='ocrx_word' id='word_1_290' title='bbox 1473 2476 1553 2500; x_wconf 90' lang='lat' dir='ltr'>non</span> <span class='ocrx_word' id='word_1_291' title='bbox 1590 2464 1692 2500; x_wconf 88' lang='lat' dir='ltr'>foret</span> <span class='ocrx_word' id='word_1_292' title='bbox 1724 2475 1818 2500; x_wconf 93' lang='lat' dir='ltr'>con-</span> 
     </span>
     <span class='ocr_line' id='line_1_46' title="bbox 510 2521 1814 2570; baseline -0.002 -12"><span class='ocrx_word' id='word_1_293' title='bbox 510 2530 684 2570; x_wconf 89' lang='lat' dir='ltr'>temptus</span> <span class='ocrx_word' id='word_1_294' title='bbox 749 2531 992 2570; x_wconf 89' lang='lat' dir='ltr'>postponere</span> <span class='ocrx_word' id='word_1_295' title='bbox 1057 2535 1172 2558; x_wconf 89' lang='lat' dir='ltr'>suum</span> <span class='ocrx_word' id='word_1_296' title='bbox 1237 2523 1443 2559; x_wconf 88' lang='lat' dir='ltr'>consilium</span> <span class='ocrx_word' id='word_1_297' title='bbox 1508 2521 1814 2558; x_wconf 87' lang='lat' dir='ltr'>saluberrimum</span> 
     </span>
    </p>
   </div>
   <div class='ocr_carea' id='block_1_7' title="bbox 577 2690 907 2718">
    <p class='ocr_par' dir='ltr' id='par_1_11' title="bbox 577 2690 907 2718">
     <span class='ocr_line' id='line_1_47' title="bbox 577 2690 907 2718; baseline -0.003 -1"><span class='ocrx_word' id='word_1_298' title='bbox 577 2698 597 2717; x_wconf 88' lang='lat'>1.</span> <span class='ocrx_word' id='word_1_299' title='bbox 617 2698 687 2718; x_wconf 91' lang='lat' dir='ltr'>non.</span> <span class='ocrx_word' id='word_1_300' title='bbox 711 2690 804 2718; x_wconf 92' lang='lat' dir='ltr'>Cod.:</span> <span class='ocrx_word' id='word_1_301' title='bbox 826 2699 907 2718; x_wconf 85' lang='lat' dir='ltr'>nam.</span> 
     </span>
    </p>
   </div>
   <div class='ocr_carea' id='block_1_8' title="bbox 507 2773 1813 2863">
    <p class='ocr_par' dir='ltr' id='par_1_12' title="bbox 507 2773 1813 2863">
     <span class='ocr_line' id='line_1_48' title="bbox 578 2773 1813 2816; baseline 0 -12"><span class='ocrx_word' id='word_1_302' title='bbox 578 2782 630 2814; x_wconf 85' lang='lat'>27.</span> <span class='ocrx_word' id='word_1_303' title='bbox 658 2773 693 2805; x_wconf 92' lang='lat' dir='ltr'>In</span> <span class='ocrx_word' id='word_1_304' title='bbox 713 2773 888 2805; x_wconf 87' lang='lat' dir='ltr'>ebrietatis</span> <span class='ocrx_word' id='word_1_305' title='bbox 907 2774 1048 2807; x_wconf 89' lang='lat' dir='ltr'>malum.</span> <span class='ocrx_word' id='word_1_306' title='bbox 1077 2774 1155 2805; x_wconf 91' lang='lat' dir='ltr'>Duo</span> <span class='ocrx_word' id='word_1_307' title='bbox 1173 2784 1354 2805; x_wconf 88' lang='lat' dir='ltr'>sermones</span> <span class='ocrx_word' id='word_1_308' title='bbox 1373 2773 1463 2815; x_wconf 87' lang='lat' dir='ltr'>Opp.</span> <span class='ocrx_word' id='word_1_309' title='bbox 1482 2780 1567 2806; x_wconf 89' lang='lat' dir='ltr'>tom.</span> <span class='ocrx_word' id='word_1_310' title='bbox 1586 2774 1626 2816; x_wconf 86' lang='lat' dir='ltr'>V,</span> <span class='ocrx_word' id='word_1_311' title='bbox 1654 2774 1813 2815; x_wconf 89' lang='lat' dir='ltr'>Append.</span> 
     </span>
     <span class='ocr_line' id='line_1_49' title="bbox 507 2818 1813 2863; baseline 0.001 -13"><span class='ocrx_word' id='word_1_312' title='bbox 507 2828 586 2862; x_wconf 83' lang='lat' dir='ltr'>pag.</span> <span class='ocrx_word' id='word_1_313' title='bbox 612 2829 690 2862; x_wconf 80' lang='lat'>490.</span> <span class='ocrx_word' id='word_1_314' title='bbox 788 2820 840 2853; x_wconf 81' lang='lat'>35.</span> <span class='ocrx_word' id='word_1_315' title='bbox 867 2821 918 2851; x_wconf 87' lang='lat' dir='ltr'>De</span> <span class='ocrx_word' id='word_1_316' title='bbox 944 2820 1132 2862; x_wconf 84' lang='lat' dir='ltr'>Praecepto</span> <span class='ocrx_word' id='word_1_317' title='bbox 1165 2826 1198 2852; x_wconf 89' lang='lat' dir='ltr'>et</span> <span class='ocrx_word' id='word_1_318' title='bbox 1222 2821 1488 2862; x_wconf 83' lang='lat' dir='ltr'>Dispensatione</span> <span class='ocrx_word' id='word_1_319' title='bbox 1515 2820 1607 2862; x_wconf 88' lang='lat' dir='ltr'>Opp.</span> <span class='ocrx_word' id='word_1_320' title='bbox 1633 2830 1710 2862; x_wconf 84' lang='lat' dir='ltr'>pag.</span> <span class='ocrx_word' id='word_1_321' title='bbox 1735 2818 1813 2863; x_wconf 82' lang='lat'><strong>928.</strong></span> 
     </span>
    </p>
   </div>
  </div>
 </body>
</html>
