2050 3292
240 225 327 252 CAP.
349 216 475 269 xxm]
663 225 720 258 DE
749 225 883 258 Clvm
911 226 1120 259 ῡΟΜιΝΙΟ.
1746 228 1825 268 539

238 332 354 369 fuerit
397 345 497 380 opus
542 331 826 378 inordinatum,
872 332 967 380 quin
1012 332 1060 368 sit
1105 333 1272 368 mortale
1315 341 1537 380 peccatum,

238 392 331 426 dum
376 391 484 426 deest
527 389 699 426 intencio
744 398 851 426 recta
894 389 1077 437 placendi
1111 392 1194 426 Deo
1234 398 1270 426 et
1302 389 1537 437 proficiendi

238 446 413 484 ecclesie
448 447 523 484 Sed
555 459 631 495 que
664 446 861 483 iectitudo
894 446 1130 483 intencionis
1163 447 1203 482 in
1236 446 1380 483 talibus
1412 446 1539 483 irrita-

118 511 199 551 219⁸
238 504 430 550 cionibus,
465 504 741 548 derisionibus,
767 501 965 555 {ludicriis
989 514 1025 541 et
1047 504 1157 541 vanis
1185 504 1537 552 occupacionibus.

204 563 326 599 SIdeo
369 562 584 610 Apostolus
623 562 706 598 Gal.
734 563 778 607 V,
814 572 867 599 20
911 561 1049 598 recitat
1094 574 1170 626 que
1215 561 1308 598 dicit
1353 561 1537 598 mortalia

236 627 396 667 peccata
442 632 613 668 quoium
656 627 807 667 septem
853 628 961 656 sunt:
1002 620 1211 664 inimicicie,
1264 619 1537 666 contenciones‚

235 677 500 721 emulaciones,
533 677 603 723 ire,
636 677 736 723 rixe,
771 677 1023 713 dissensiones
1044 685 1079 713 et
1101 677 1411 713 comessaciones.
1451 677 1538 724 Qui,

235 734 376 783 inquit,
409 735 500 770 talia
533 742 655 785 agunt
688 747 851 784 regnum
885 735 961 770 Dei
991 747 1062 771 non
1095 742 1382 783 consequentur.
1732 777 1737 782 .

293 791 469 840 Septimo
500 791 654 828 videtur
691 793 797 840 quod
837 801 1127 840 contempnens
1165 792 1386 828 necessaria
1420 789 1537 827 saluti
1553 777 1825 839 mffiialfaslinlinftffve

183 862 302 886 1osue
346 850 548 886 addiscere
591 850 650 885 vel
695 849 853 897 cognita
906 851 1112 897 operando
1159 849 1353 897 proficere
1398 847 1814 908 peccatl‘ggrffithgOEr'itgt

235 907 475 954 mortaliter3
509 908 715 955 probatur:
750 915 791 942 ut
823 907 878 943 sic
901 906 1151 955 contempnit
1174 906 1381 943 dominum
1404 908 1537 943 Jesum
1587 923 1655 951 way
1675 889 1785 955 and-ii>

234 965 448 1002 Christum.
480 967 648 1001 Necesse
671 964 831 1013 quidem
861 974 916 1001 est
939 977 1097 1001 omnem
1121 964 1315 1001 viatorem
1338 964 1537 1001 volentem
1594 951 1673 977 wau<
1695 958 1724 977 ¹¹¹
1745 954 1776 977 Π·

233 1034 273 1058 se
306 1022 537 1070 dignificare
570 1022 618 1058 ad
650 1022 835 1069 patriam,
866 1034 1027 1058 excusso
1050 1022 1138 1058 ocio
1172 1023 1278 1070 quod
1303 1035 1365 1058 ars
1392 1021 1537 1058 summi

233 1079 389 1128 opificis
404 1088 560 1117 tantum
583 1079 682 1126 odit,
705 1079 954 1127 proficiendo
977 1081 1208 1127 procedere,
1233 1079 1327 1127 quia
1350 1079 1537 1116 ociositas

182 1142 216 1174 15
233 1137 421 1174 stacionis
445 1146 481 1174 et
505 1137 660 1185 quietis,
694 1137 930 1174 retrocessio
964 1146 1000 1173 et
1024 1136 1244 1174 declinacio
1263 1150 1284 1173 a
1301 1136 1539 1173 rectitudine

231 1195 291 1231 vie
324 1203 414 1231 sunt
446 1195 518 1231 sibi
551 1194 731 1232 odibiles.
774 1196 864 1231 Ideo
897 1207 977 1231 non
1011 1203 1189 1243 superest
1221 1195 1294 1230 nisi
1324 1202 1363 1229 ut
1395 1194 1539 1230 caritas

231 1253 359 1303 magis
402 1265 447 1289 ac
491 1253 619 1303 magis
663 1253 867 1299 habundet,
911 1252 1004 1300 quia
1044 1252 1158 1289 aliter
1193 1265 1275 1288 non
1309 1260 1364 1288 est
1398 1253 1538 1288 caritas

231 1310 441 1348 viatorum.
492 1311 591 1347 Cum
626 1322 719 1358 ergo
752 1311 867 1347 debet
900 1310 1000 1346 scire
1032 1311 1139 1358 quod
1172 1309 1302 1358 ipsum
1336 1309 1538 1346 addiscere

231 1367 280 1403 sit
322 1367 458 1404 utilius
501 1380 622 1416 quam
665 1367 863 1415 ignorare,
908 1368 968 1404 vel
1000 1369 1059 1412 (ut
1092 1368 1221 1415 placet
1253 1367 1393 1415 loycis)
1425 1367 1538 1403 valde

176 1439 216 1460 20
231 1425 338 1471 utile,
374 1434 410 1462 et
433 1425 665 1473 ignorancia
688 1425 850 1473 proprie
872 1425 1010 1461 salutis
1033 1425 1201 1461 omnino
1230 1424 1393 1470 inutilis⁷
1429 1432 1538 1472 patet

232 1495 274 1519 ex
306 1485 478 1519 secunda
512 1482 767 1519 conclusione
796 1484 902 1531 quod
936 1492 1221 1530 contempnens
1255 1483 1326 1519 hec
1360 1483 1464 1518 mala
1496 1490 1539 1518 ut

231 1540 395 1577 minima
441 1540 588 1576 decidit
631 1540 670 1576 in
715 1541 894 1577 mortale.
949 1542 1000 1577 Ut
1045 1540 1076 1577 si
1128 1541 1215 1588 plus
1260 1552 1352 1575 arno
1400 1539 1538 1575 mundi

231 1597 405 1645 divicias,
446 1598 605 1644 formas,
646 1599 750 1635 bona
782 1606 923 1634 nature
956 1598 1016 1634 vel
1050 1598 1154 1646 ipsas
1193 1597 1384 1634 sciencias
1416 1609 1536 1645 quam

229 1656 407 1701 virtutes,
442 1655 598 1692 videtur
631 1655 750 1692 michi
784 1657 890 1704 quod
924 1656 954 1692 si
988 1668 1031 1692 ex
1063 1655 1213 1692 noticia
1242 1667 1329 1691 mea
1353 1654 1537 1703 explicita

174 1717 212 1749 25
231 1725 276 1749 ac
299 1713 556 1750 deliberativa
577 1713 854 1761 processerint,
883 1726 926 1750 ex
948 1712 1195 1761 negligencia
1219 1725 1265 1749 ac
1289 1720 1536 1760 contemptu,

229 1783 352 1818 pecco
386 1771 627 1815 mortaliter;
661 1772 787 1807 debeo
822 1771 925 1807 enim
960 1771 1060 1807 scire
1094 1772 1201 1819 quod
1224 1770 1389 1806 minima
1411 1769 1535 1806 virtus

111 1830 191 1875 219¹³
230 1828 392 1865 moralis
438 1829 498 1865 vel
542 1829 687 1876 gradus
733 1837 789 1865 est
833 1828 969 1865 utilior
1020 1837 1138 1877 atque
1183 1830 1266 1865 Deo
1295 1824 1299 1880 ι
1328 1827 1537 1875 accepcior

229 1899 349 1934 quam
384 1886 518 1923 omnia
552 1886 657 1923 dicta
689 1887 807 1924 bona.
842 1888 1054 1931 Quomodo
1085 1898 1178 1934 ergo
1201 1885 1256 1922 sic
1278 1892 1539 1934 postponeret

228 1952 385 1981 tantum
407 1944 582 1980 bonum?
610 1946 760 1980 Merces
784 1943 887 1980 enim
913 1945 973 1980 vel
995 1943 1191 1992 premium
1215 1955 1285 1991 per
1307 1955 1347 1979 se
1370 1942 1535 1991 dignum

173 2006 213 2037 30
230 2001 454 2050 cuicunque
485 2001 621 2037 virtuti
655 2001 882 2038 huiusmodi
922 2009 979 2038 est
1011 2001 1230 2050 beatitudo,
1271 2001 1302 2037 si
1334 2013 1414 2037 non
1447 2012 1537 2048 pec-

230 2067 317 2095 cato
371 2058 538 2107 dignitas
587 2059 814 2096 huiusmodi
867 2058 916 2095 sit
960 2059 1143 2096 extincta.
1196 2059 1357 2094 Nullum
1403 2066 1535 2094 autem

228 2116 384 2152 illorum
420 2118 617 2153 bonorum
650 2129 719 2164 per
752 2129 792 2153 se
825 2116 1018 2164 contingit
1051 2118 1099 2153 ad
1132 2125 1287 2153 tantum
1314 2114 1536 2164 premium3

228 2173 317 2210 ideo
349 2174 523 2222 quelibet
545 2174 668 2211 virtus
700 2174 861 2211 moralis
885 2182 942 2211 est
966 2174 1122 2222 dignior
1145 2182 1241 2222 aput
1264 2176 1389 2210 Deum
1414 2185 1535 2221 quarn

228 2231 391 2280 aliquod
425 2231 712 2279 predictorum.
748 2232 938 2269 Curiosus
972 2232 1106 2280 itaque
1139 2239 1279 2280 peccat
1314 2230 1536 2267 mortaliter

172 2292 210 2324 35
227 2301 271 2324 ex
315 2289 513 2337 superbia,
559 2289 720 2325 dolosus
767 2302 810 2326 ex
854 2289 1015 2335 invidia,
1062 2289 1341 2326 contenciosus
1386 2300 1429 2324 ex
1462 2287 1533 2333 ira,

225 2355 388 2394 torpens
422 2346 461 2383 in
495 2346 668 2384 consiliis
702 2359 744 2383 ex
778 2347 944 2397 accidia,
979 2348 1128 2383 mundo
1152 2346 1259 2383 dives
1282 2358 1326 2382 ex
1349 2344 1534 2391 avaricia,

190 2409 193 2411 ’
226 2403 378 2452 fugiens
432 2404 748 2441 maceracionern
802 2404 982 2452 corporis
1036 2417 1078 2441 ex
1132 2405 1224 2451 gula
1277 2412 1314 2439 et
1365 2402 1535 2439 inaniter

225 2461 458 2509 ymaginans
504 2474 548 2498 ac
592 2461 770 2499 senciens
815 2469 924 2499 actus
956 2474 1145 2499 venereos
1189 2468 1329 2509 peccat
1358 2459 1534 2506 luxuria3

227 2519 336 2556 cuius
382 2532 499 2556 causa
544 2519 734 2567 precipua
778 2529 868 2556 sunt
912 2519 1159 2568 negligencia
1199 2527 1235 2555 et
1268 2526 1534 2566 contemptus.

293 2683 318 2703 2.
350 2676 446 2703 Cod:
480 2676 644 2716 placendo.
747 2684 772 2710 7.
807 2677 900 2704 Cod.:
934 2684 1074 2711 quarum
1176 2682 1214 2703 12.
1249 2676 1343 2703 Cod.:
1376 2676 1535 2703 valentem.

226 2710 270 2771 1256.
294 2710 391 2772 ἓξὲξ
410 2711 716 2773 jgssggossgrgui'etis
868 2709 910 2738 23.
940 2709 1075 2746 formas.
1111 2709 1206 2737 Cod.:
1231 2710 1342 2745 tomas
1372 2709 1535 2746 (famasP)

302 2814 348 2847 16.
378 2815 428 2847 Cf.
454 2816 556 2847 Rom.
576 2817 630 2855 Vl,
656 2827 663 2846 1
697 2822 729 2847 et
754 2817 888 2858 saepias
915 2817 1008 2847 alias.
