2050 3292
219 219 306 246 CAP.
337 212 418 262 xx]
693 220 826 251 LIBER
852 220 1060 252 TERTlUs.
1727 224 1808 261 409

214 336 292 364 tres
317 326 418 362 dicte
442 325 711 374 perfecciones
736 326 775 361 in
800 338 955 362 excessu
981 335 1219 374 competere.
1256 328 1515 375 Assumptum

213 393 323 433 patet
356 396 402 420 eo
435 385 543 431 quod
577 383 644 419 illa
676 392 732 420 est
765 396 832 431 per
855 396 895 419 se
919 384 1102 420 condicio
1128 393 1164 420 et
1187 397 1305 422 causa
1328 385 1520 432 religiosi-

213 442 304 478 tatis
338 440 558 484 christiani,
593 440 743 477 scilicet
775 441 881 477 nolle
915 441 1079 489 diligere
1118 442 1332 479 affectuose
1365 452 1520 491 tempo-

213 500 325 545 ralia,
372 499 440 535 sed
485 498 595 546 sequi
629 499 830 535 Christum
876 499 915 534 in
961 499 1150 544 moribus,
1197 500 1308 536 cuius
1340 500 1419 536 vita
1465 509 1521 537 est

180 559 384 593 Smetrum
411 565 446 592 et
472 568 655 593 mensura
679 556 805 593 tocius
829 556 981 592 ordinis
1006 557 1224 595 christiani.
1257 561 1302 594 Et
1326 567 1519 605 quantum

212 617 260 651 ad
294 614 640 658 communitatem,
677 622 785 662 patet
818 614 848 650 si
883 614 1151 651 communitas
1184 628 1263 651 11011
1296 616 1385 663 plus
1415 628 1521 652 com-

97 685 171 718 165*
213 672 390 708 municat
435 673 538 707 bona
584 672 906 723 51131111611111115
946 672 1108 708 ecclesie
1150 686 1269 720 quam
1304 686 1394 710 vera
1432 686 1521 720 pars

212 730 296 766 eius
329 742 408 765 non
443 738 500 766 est
538 738 649 776 parte
692 729 830 765 melior
869 729 907 764 in
941 729 1098 776 virtute,
1139 732 1207 766 sed
1246 730 1381 766 utilius
1420 732 1522 767 foret

212 796 344 835 partes
369 786 465 823 alias
489 787 687 834 prescindi
711 796 902 835 tanquam
924 789 1156 835 superfluas.
1188 791 1234 824 Et
1258 797 1367 836 patet
1393 789 1523 824 minor

160 844 448 892 wargumenti.
499 846 628 880 Omne
662 844 822 892 quidem
857 853 984 881 totum
1022 845 1249 881 huiusmodi
1291 847 1406 881 debet
1440 859 1522 882 esse

212 902 431 950 perfeccius
470 915 540 938 sua
579 911 702 950 parte.
758 904 856 938 Cum
891 902 1009 950 igitur
1043 904 1165 938 multe
1204 916 1372 951 persone
1406 904 1522 940 huius

214 959 514 996 communitatis
554 968 644 995 sunt
677 968 756 996 tam
792 960 974 1008 religiose
1014 960 1216 997 imitantes
1250 961 1449 997 Christum
1484 962 1522 997 in

214 1017 541 1065 expropriacione
586 1019 693 1065 quod
738 1019 846 1054 nulla
892 1030 1028 1054 earum
1079 1018 1197 1054 habet
1231 1019 1443 1066 quicquam
1484 1020 1522 1055 in

213 1075 377 1123 proprio
395 1074 572 1120 civiliter⁷
606 1075 773 1122 videtur,
811 1088 899 1111 611111
925 1077 999 1111 1106
1022 1075 1071 1112 511
1099 1075 1299 1123 religionis
1324 1077 1520 1121 condicio,

160 1134 320 1182 ifiquod
359 1141 443 1169 tota
477 1132 745 1169 communitas
784 1146 865 1169 non
899 1133 1014 1169 debet
1054 1134 1201 1169 habere
1235 1134 1448 1182 quicquam
1484 1134 1522 1170 in

216 1191 421 1227 communi
454 1190 632 1230 civiliter,

274 1250 383 1292 Item,
403 1248 433 1284 si
452 1257 536 1284 tota
552 1248 818 1284 communitas
836 1248 1115 1296 religiosorum
1135 1249 1520 1296 possessionatorum
1573 1264 1764 1298 Evangelio&

216 1306 488 1342 dominaretur
521 1318 617 1353 pure
650 1306 874 1353 evangelice
907 1306 947 1341 in
979 1318 1019 1343 se
1053 1315 1089 1342 et
1113 1306 1289 1354 qualibet
1312 1307 1371 1343 sui
1395 1315 1518 1354 parte,
1555 1298 1791 1367 ξξζξξέἣῗὲῗῇζέᾗ

214 1373 308 1400 tunc
342 1363 618 1400 dominaretur
656 1363 875 1411 perfeccius
916 1377 1035 1412 quam
1077 1363 1320 1400 dominando
1355 1364 1521 1401 civiliter
1560 1377 1638 1395 none
1660 1376 1787 1406 maygo

160 1422 255 1457 zoin
290 1421 507 1466 communi,
542 1423 609 1457 sed
643 1434 770 1469 neque
804 1434 846 1457 ex
879 1422 1079 1469 scriptura
1110 1434 1238 1470 neque
1273 1434 1314 1458 ex
1348 1422 1519 1458 auctori·
1555 1404 1629 1430 back
1651 1405 1730 1430 ΜΠ]
1753 1408 1784 1429 H'

214 1488 292 1516 tate
326 1479 489 1515 ecclesie
523 1488 632 1527 patet
665 1479 913 1527 dispensacio
959 1481 1065 1527 quod
1108 1479 1200 1516 licet
1240 1479 1386 1516 nostris
1431 1493 1520 1528 pos-

215 1536 444 1574 sessionatis
468 1536 523 1573 sic
547 1537 585 1572 in
614 1537 803 1584 religione
827 1538 1095 1580 retrocedere;
1130 1550 1223 1585 ergo
1257 1537 1438 1574 illicitum
1465 1546 1521 1574 est

216 1595 270 1630 eis
304 1595 435 1631 taliter
468 1595 679 1632 dominari.

272 1652 400 1688 Maior
424 1661 532 1699 patet
555 1665 598 1688 ex
632 1665 676 1689 eo
702 1653 809 1700 quod
832 1661 990 1700 oportet
1015 1653 1337 1689 dominacionem
1365 1652 1519 1689 civilem

158 1714 195 1745 25
215 1709 519 1746 communitatis
552 1711 699 1747 habere
733 1719 863 1758 partes
897 1723 987 1746 suas
1022 1710 1233 1758 integrales
1266 1710 1305 1746 in
1339 1710 1519 1758 partibus

213 1768 511 1804 communitatis
536 1780 578 1804 ex
602 1768 744 1816 quibus
770 1767 937 1804 civilitas
962 1768 1095 1804 totalis
1119 1768 1386 1816 componitur,
1422 1768 1522 1805 sicut

211 1834 369 1873 oportet
403 1825 623 1861 dominium
668 1825 938 1873 evangelicum
975 1827 1119 1862 habere
1160 1826 1522 1874 proposcionaliter

211 1892 340 1930 partes
373 1896 477 1920 suas.
516 1885 607 1920 Ideo
640 1885 699 1930 (ut
730 1892 838 1931 patet
872 1896 914 1919 ex
947 1884 1071 1920 tribus
1105 1884 1244 1931 primis
1277 1883 1518 1929 racionibus)

211 1941 385 1988 quelibet
418 1954 588 1988 persona
622 1941 710 1977 talis
744 1941 1044 1977 communitatis
1076 1942 1306 1978 dominatur
1340 1941 1519 1977 civiliter.

154 2002 195 2033 30
212 2000 327 2043 Quod
358 2008 489 2035 autem
516 1999 739 2035 dominium
766 2012 861 2047 pure
886 1999 1155 2046 evangelicum
1182 2000 1264 2035 sine
1287 1999 1521 2035 inmixtione

211 2056 407 2092 civilitatis
431 2057 531 2092 foret
562 2056 666 2092 civili
697 2057 915 2104 perfeccius
949 2066 1057 2104 patet
1087 2069 1129 2093 ex
1159 2070 1251 2105 sepe
1276 2056 1389 2093 dictis
1413 2058 1518 2104 quod

211 2113 388 2150 dominio
423 2114 570 2150 Christi
604 2123 641 2151 et
665 2114 783 2150 statui
816 2114 1049 2151 innocencie
1088 2114 1271 2159 similius,
1317 2127 1338 2150 a
1373 2116 1520 2150 mundo

211 2171 440 2219 elongacius
474 2181 510 2207 61
544 2172 717 2208 6011511115
749 2172 893 2209 Christi
929 2172 1187 2211 conformius.
1222 2172 1354 2208 Minor
1387 2180 1518 2208 autem

94 2230 169 2263 163²
211 2242 251 2266 ex
276 2232 350 2265 hoc
380 2225 383 2281 1
413 2231 518 2277 quod
543 2242 661 2278 super
684 2230 1001 2266 deterioracione
1024 2243 1105 2266 non
1129 2230 1235 2266 cadit
1259 2229 1520 2277 dispensacio.

152 2286 299 2323 351de0
343 2288 581 2332 Jeronimus,
630 2287 863 2338 Gregorius,
911 2289 1167 2325 Bernhardus
1213 2296 1249 2323 et
1282 2287 1347 2323 alii
1393 2288 1520 2323 sancti

210 2345 408 2390 monachi,
443 2354 523 2381 tam
559 2345 711 2393 Egipcii
746 2359 865 2393 quam
898 2346 1041 2391 Latini,
1076 2354 1289 2381 tenuerunt
1321 2358 1393 2392 pro
1427 2358 1519 2381 con-

190 2402 327 2438 'stanti
373 2402 574 2439 sentencia
622 2405 727 2450 quod
759 2403 823 2439 ille
866 2404 1084 2439 monachus
1128 2416 1208 2439 non
1243 2411 1299 2438 est
1345 2402 1411 2451 qui
1445 2402 1518 2439 sibi

209 2459 493 2507 proprietatem
520 2460 671 2497 civilem
691 2460 847 2506 retinet,
873 2469 914 2496 ut
937 2469 1043 2508 patet
1067 2460 1248 2508 superius
1274 2461 1448 2508 capitulo
1471 2461 1520 2495 VI

208 2517 322 2552 huius
355 2518 406 2562 V;
447 2519 652 2565 quomodo
685 2518 804 2565 igitur
842 2520 942 2554 foret
983 2518 1234 2565 dispensacio
1269 2517 1350 2553 sinc
1385 2531 1516 2559 causa,

207 2584 275 2610 aut
315 2576 521 2622 quomodo
560 2576 659 2612 foret
699 2588 817 2611 causa
858 2585 898 2611 ut
938 2575 998 2611 isti
1040 2575 1213 2623 religiosi
1261 2575 1519 2611 dominentur

208 2631 386 2675 civiliter,
433 2645 522 2668 cum
564 2633 792 2669 dominacio
834 2633 1060 2681 evangelica
1094 2646 1164 2681 per
1197 2646 1235 2669 56
1271 2633 1429 2673 sufficit,
1478 2642 1518 2668 ut

208 2689 247 2724 in
292 2689 530 2736 patriarchis
576 2691 810 2738 religionum
859 2700 895 2726 et
941 2691 1167 2727 dominacio
1208 2690 1329 2726 civilis
1369 2690 1518 2726 inficit?

281 2830 306 2856 7.
328 2830 418 2856 quam
439 2830 511 2849 vero
532 2823 561 2849 iu
583 2823 650 2850 cod.
730 2824 755 2849 6.
779 2823 873 2850 Cod.:
896 2826 1003 2850 status.
1078 2823 1124 2856 34.
1147 2831 1183 2850 ex
1202 2823 1267 2851 hoc.
1296 2823 1401 2850 Adde:
1421 2826 1516 2858 patet.
