2050 3292
223 205 312 233 CAP.
328 193 474 250 xxvn]
694 205 827 238 LIBER
857 204 1063 236 TERTms.

225 312 341 357 ciam,
387 313 564 349 declarat
595 311 799 360 quomodo
844 318 1003 357 oportet
1036 307 1258 344 dominium
1306 320 1452 363 ponerq
1493 307 1531 342 in

226 382 429 415 mensura3
470 369 593 406 tercio
627 367 902 416 principaliter
936 367 1042 414 quod
1076 365 1297 402 dominium
1340 365 1452 401 civile
1484 364 1532 400 sit

223 427 395 464 naturali
447 426 678 475 perfeccius,
738 425 831 474 quia
883 433 940 461 est
992 423 1065 459 sibi
1123 423 1444 470 superadditum;
1497 430 1533 458 et

224 485 465 522 declarando
497 483 726 532 oppositum
761 482 896 518 diffuse
931 482 1106 518 declarat
1139 481 1534 517 commendacionem

192 542 450 590 §evangelice
483 540 740 590 paupertatis.

283 600 509 649 Capitulum
560 598 816 635 undecimum
871 598 1090 633 dubitando
1148 596 1179 632 si
1238 596 1329 632 licet
1382 593 1535 632 clericis

225 657 425 694 dominari
458 656 636 702 civiliter,
672 655 784 704 ponit
818 653 1131 698 conclusionem,
1165 654 1273 702 quod
1305 653 1401 690 nulli
1434 665 1535 700 puro

225 715 370 752 clerico
414 728 484 763 pro
528 724 709 762 tempore
753 712 884 760 gracie
936 723 1013 761 que
1058 720 1114 748 est
1165 711 1393 747 huiusmodi
1444 710 1535 747 licet

226 772 393 810 civiliter
445 772 655 810 dominari.
717 773 793 807 Pro
846 769 957 806 cuius
1010 769 1288 806 declaracione
1340 767 1536 816 premittit

172 850 210 871 10
225 830 356 879 primo
394 829 488 878 quid
528 828 704 866 nominis
742 827 875 865 clerici
915 840 956 864 ex
996 826 1223 864 testimonio
1254 825 1467 874 Augustini
1501 833 1538 861 et

223 888 416 925 Jeronimi
450 900 538 924 curn
574 886 803 923 deteccione
842 884 1163 934 equivocacionis
1195 883 1367 928 termini,
1408 885 1536 932 ponit-

224 955 301 995 que
334 945 431 994 quid
462 946 632 982 nominis
656 942 950 981 dominacionis
974 941 1111 987 civilis,
1145 954 1235 979 cum
1259 940 1537 978 declaracione

225 1003 407 1052 parcium
448 1001 747 1051 descripcionis.
794 1003 841 1038 Et
879 999 1004 1037 tercio
1043 1000 1185 1037 fundat
1218 1001 1458 1037 sentenciam
1495 1011 1538 1035 ex

224 1062 291 1098 illo
337 1063 431 1098 Luc.
476 1062 578 1097 XXII
631 1061 762 1111 Reges
805 1059 1054 1095 dominantur
1097 1070 1243 1103 eorum,
1289 1070 1333 1094 ex
1377 1070 1457 1106 quo
1502 1066 1539 1094 et

173 1127 209 1160 15
225 1121 425 1156 sentencia
447 1117 683 1155 Crisostomi
707 1116 912 1154 concludit
934 1115 1130 1164 triplicem
1154 1114 1376 1161 veritatem,
1407 1115 1538 1163 prima

226 1178 334 1226 quod
373 1176 576 1213 humilitas
620 1174 766 1212 sufficit
806 1187 879 1223 pro
917 1174 1053 1222 regula
1086 1173 1317 1218 christiana,
1364 1173 1539 1209 secunda

226 1236 333 1284 quod
371 1234 578 1282 correpcio
617 1242 674 1270 est
706 1232 841 1269 illicita
884 1231 958 1269 nisi
992 1240 1198 1280 correptus
1230 1230 1391 1267 inferior
1422 1229 1539 1267 fuerit

226 1301 476 1341 correptore3
501 1300 537 1328 et
559 1290 683 1328 tercia
705 1299 763 1328 est
777 1291 886 1339 quod
910 1290 1056 1326 habere
1078 1291 1293 1338 primatum
1318 1288 1537 1325 secularem

226 1359 284 1387 est
327 1349 492 1386 civiliter
536 1348 753 1396 dominari;
798 1357 835 1385 et
878 1349 1051 1385 annectit
1083 1348 1290 1395 quomodo
1329 1346 1540 1394 dupliciter

169 1423 210 1447 20
227 1407 417 1456 equivoce
462 1406 647 1444 convenit
691 1405 896 1443 hominem
940 1406 1087 1442 habere
1139 1405 1249 1441 civile
1302 1403 1538 1449 dominium,

225 1465 373 1503 scilicet
404 1465 628 1503 formaliter
660 1473 697 1502 et
730 1463 986 1501 materialiter
1019 1462 1154 1499 multis
1187 1461 1332 1500 modis.

287 1522 516 1572 Capitulum
562 1521 847 1560 duodecimum
898 1523 1043 1569 probat
1087 1519 1390 1569 quintupliciter
1434 1521 1541 1568 quod

231 1580 412 1618 illicitum
460 1590 517 1618 est
554 1580 700 1618 clerico
738 1578 939 1617 dominari
978 1578 1164 1624 civiliter3
1210 1578 1343 1626 primo
1378 1589 1421 1614 ex
1454 1589 1540 1614 sen-

230 1639 362 1676 tencia
411 1638 604 1676 Jeronimi
655 1647 693 1675 et
743 1638 912 1675 aliorum
963 1645 1210 1679 sanctorum,
1263 1649 1341 1684 qua
1385 1644 1541 1683 ponunt

174 1704 213 1737 25
231 1697 393 1734 clericos
437 1710 507 1745 per
556 1697 632 1733 hoc
685 1696 844 1732 differre
899 1707 921 1731 a
964 1694 1105 1743 laycis3
1158 1695 1332 1731 secundo
1378 1705 1421 1730 ex
1466 1694 1540 1729 hoc

111 1760 192 1796 263⁵
230 1756 338 1803 quod
371 1754 480 1792 civile
508 1750 513 1808 Ι
543 1754 779 1791 clericorum
814 1752 1035 1790 dominium
1068 1765 1149 1789 non
1183 1761 1239 1788 est
1271 1750 1474 1788 fundabile
1497 1763 1539 1787 ex

228 1812 426 1861 scriptura
470 1813 577 1861 quod
621 1814 766 1860 probat
804 1809 951 1859 duplici
996 1812 1155 1847 racione
1192 1809 1369 1857 yronica,
1416 1808 1540 1846 tercio

230 1882 299 1918 per
350 1871 426 1907 hoc
478 1871 585 1919 quod
637 1869 768 1906 omnis
821 1867 989 1906 clericus
1036 1869 1152 1905 debet
1196 1879 1280 1904 esse
1326 1865 1540 1915 precipuus

229 1940 376 1977 sequax
408 1928 553 1965 Christi
585 1940 741 1964 summe
773 1927 957 1975 pauperis
990 1934 1028 1963 et
1061 1925 1274 1962 confirmat
1305 1925 1382 1961 hoc
1416 1923 1539 1973 tripli-

174 1985 348 2030 3ociter;
382 1994 543 2034 quarto
591 1999 661 2034 per
708 1986 784 2022 hoc
828 1986 933 2033 quod
981 1983 1143 2020 civilitas
1187 1983 1256 2019 fuit
1300 1982 1483 2031 preclusa
1519 1995 1540 2018 a

230 2044 503 2081 sacerdotibus
525 2043 669 2080 veteris
701 2041 952 2088 testamenti;
986 2050 1023 2078 et
1052 2041 1266 2078 confirmat
1298 2041 1375 2077 hoc
1408 2039 1540 2076 multi-

229 2096 386 2149 pliciter
424 2102 604 2150 exemplo
642 2102 745 2138 beati
779 2099 1007 2145 Clementis,
1046 2100 1221 2148 probans
1254 2098 1541 2135 incidentaliter

230 2160 339 2207 quod
372 2159 509 2196 omnia
552 2160 698 2195 debent
742 2170 825 2195 esse
859 2157 1088 2194 communia
1134 2165 1171 2193 et
1202 2156 1311 2204 quod
1350 2156 1422 2192 hec
1454 2167 1541 2192 sen-

229 2216 361 2254 tencia
384 2218 500 2254 debet
524 2217 713 2253 omnibus
744 2215 963 2264 predicari;
997 2216 1134 2263 quinto
1167 2215 1294 2262 arguit
1326 2214 1402 2250 hoc
1434 2212 1538 2249 idem

174 2283 213 2317 35
230 2287 300 2322 per
332 2275 464 2312 locum
499 2288 520 2311 a
555 2274 698 2312 maiori
732 2275 780 2310 de
812 2272 1087 2310 sacerdotibus
1112 2272 1329 2309 Pharaonis
1362 2271 1540 2318 allegans

230 2334 280 2369 ad
331 2333 408 2370 hoc
459 2332 652 2380 originem
706 2340 742 2368 et
794 2331 1037 2368 confirmans
1089 2329 1186 2366 illud
1239 2328 1449 2377 tripliciter
1493 2329 1541 2364 de

194 2427 196 2429 ,
229 2389 416 2427 omnibus
448 2391 560 2428 bonis
593 2390 757 2428 ecclesie
791 2388 1024 2426 universalia
1057 2387 1303 2425 communia.

288 2448 518 2497 Capitulum
547 2446 811 2484 tredecimum
845 2445 965 2483 obicit
993 2458 1062 2494 per
1085 2447 1161 2482 hoc
1184 2446 1293 2494 quod
1317 2457 1339 2481 a
1360 2452 1541 2492 tempore

230 2505 336 2543 beati
359 2505 537 2544 Silvestri
560 2505 668 2543 stetit
696 2504 850 2542 dotacio
883 2504 1045 2541 ecclesie
1073 2516 1144 2551 per
1164 2511 1323 2540 sanctos
1345 2501 1540 2550 plurimos

171 2582 216 2613 40
231 2563 468 2601 confirmata
517 2572 556 2601 et
603 2563 860 2599 concedendo
912 2563 1019 2610 quod
1071 2560 1230 2598 dotacio
1275 2559 1438 2597 ecclesie
1483 2567 1541 2595 est

231 2621 447 2668 meritoria,
494 2620 792 2669 *distinguendo
853 2620 901 2656 de
953 2618 1167 2655 dotacione
1225 2617 1367 2666 triplici
1428 2615 1541 2665 ponit

230 2679 424 2727 triplicem
459 2692 620 2717 causam
654 2690 778 2727 quare
811 2677 972 2715 dotacio
1012 2676 1052 2713 in
1089 2675 1379 2724 temporalibus
1411 2682 1542 2722 potest

299 2820 346 2849 42.
368 2813 462 2841 Cod.:
484 2821 583 2849 quare
601 2818 669 2841 mer·
692 2814 756 2847 (sen
776 2815 872 2842 mer-2.

1738 195 1818 244 653

1594 324 1769 359 Summam:

1603 612 1700 646 chap.
1721 611 1772 639 XI.

1600 1536 1698 1571 cnap.
1719 1536 1784 1564 ΧΠ.

1594 2459 1693 2495 Chap.
1713 2459 1792 2488 XIII.
