2050 3292
218 246 299 283 420

228 1971 253 1998 lt
275 1971 300 1998 is
322 1976 375 1998 not
395 1972 473 1998 alins

273 2010 303 2033 to
324 2006 391 2041 give
412 2014 427 2033 a

266 2042 361 2075 priest
381 2041 430 2067 the

276 2084 382 2103 means
402 2075 436 2102 of

273 2111 434 2137 luxurious

303 2145 409 2179 living.

927 239 986 270 DE
1015 237 1151 270 CIVILI
1179 236 1391 270 DOMINIO.
1603 225 1717 278 [CAP.
1745 231 1808 259 XX.

503 346 663 394 laycalis
696 358 816 393 quam
852 343 1088 381 mendicitas
1120 343 1355 388 sacerdotis3
1389 351 1425 379 et
1458 354 1501 378 ex
1529 341 1614 378 istis
1636 343 1809 379 secundo

503 403 629 440 infero
675 405 782 451 quod
821 402 1004 439 illicitum
1045 410 1101 438 est
1146 401 1292 438 Christi
1331 399 1530 437 sacerdoti
1568 400 1628 436 vel
1667 400 1809 437 clerico

504 461 731 497 mendicare
777 474 798 497 a
842 460 945 496 laico
990 459 1231 507 temporalia
1263 458 1338 494 nisi
1371 466 1567 506 quantum
1601 457 1811 494 necessitat

501 519 580 556 vite
613 518 783 565 miseria,
816 517 966 554 scilicet
997 518 1215 553 secundum
1249 516 1426 564 regulam
1451 515 1632 563 Apostoli
1660 517 1709 552 ad
1741 515 1809 552 ali-

505 585 636 613 menta
661 585 698 613 et
721 584 960 624 tegumenta.
992 577 1093 611 Nam
1127 587 1250 622 genus
1279 583 1360 610 tam
1385 574 1515 621 regale
1538 574 1627 621 plus
1650 573 1843 610 dedecet5

502 635 690 683 pudenda
736 633 987 676 mendicitas,
1033 632 1258 669 cuiusmodi
1302 640 1359 668 est
1393 630 1626 668 mendicitas
1659 639 1812 679 ternpo-

502 692 646 728 ralium
681 705 756 741 que
790 700 880 728 sunt
914 690 1081 727 minima
1114 699 1151 727 et
1184 702 1254 738 per
1284 701 1529 737 consequens
1563 689 1812 725 mendicacio

503 763 640 787 eorum
688 749 898 798 culpabilis
942 757 999 786 est
1043 747 1294 796 turpissima3
1345 747 1435 783 ideo
1488 748 1605 784 debet
1650 747 1813 784 clericus

503 819 641 844 cavere
674 809 723 844 ab
761 807 836 844 ista
869 807 1140 843 erubescenda
1174 805 1476 842 mendicacione
1512 804 1811 853 temporalium,

502 878 550 902 ne
567 865 717 902 deferat
734 864 917 914 dignitati
951 863 1011 901 sui
1033 863 1207 912 generis;
1239 876 1376 911 ymmo
1399 862 1502 899 sicut
1530 864 1681 899 mundo
1705 862 1812 900 dives
1833 876 1871 897 ιο

504 932 712 960 excusatur
738 936 759 960 a
792 921 1035 959 verecundia
1068 921 1108 958 in
1141 922 1216 958 hoc
1249 922 1357 969 quod
1389 920 1591 958 mendicat
1623 920 1813 969 precipue

503 994 575 1029 pro
598 981 842 1029 pauperibus
866 980 1047 1029 personis
1070 980 1236 1017 ecclesie
1259 979 1403 1028 quibus
1428 980 1573 1015 dantur
1596 978 1813 1016 elemosine

502 1039 653 1075 scilicet
686 1039 915 1076 oblaciones
949 1046 985 1075 et
1016 1038 1183 1087 decime,
1217 1050 1353 1086 ymmo
1376 1037 1594 1074 elemosine
1627 1037 1812 1080 maiores,

502 1106 544 1133 ut
575 1096 767 1141 redditus,
799 1097 939 1145 predia
962 1105 999 1133 et
1023 1096 1197 1133 castella.
1231 1095 1374 1132 Tercio
1398 1104 1528 1143 potest
1552 1095 1684 1143 colligi
1705 1096 1813 1143 quod

503 1154 689 1191 indecens
734 1156 835 1192 foret
879 1154 1024 1191 clerico
1068 1167 1141 1202 pro
1173 1162 1355 1202 tempore
1394 1153 1617 1190 dotacionis
1650 1153 1868 1190 ecclesie15

503 1222 593 1261 post
625 1213 686 1249 vel
726 1222 818 1250 ante
859 1213 1035 1260 recipere
1074 1212 1235 1260 aliquod
1270 1212 1491 1259 temporale
1531 1224 1552 1248 a
1584 1211 1706 1259 laycis
1738 1211 1813 1248 nisi

503 1280 695 1319 quantum
738 1272 895 1308 cederet
940 1272 990 1307 ad
1028 1270 1087 1307 sui
1126 1269 1396 1317 indigenciam
1437 1279 1473 1306 et
1512 1269 1731 1306 conferenti
1764 1271 1814 1306 ad

504 1328 711 1376 meritum3
757 1342 837 1365 non
876 1328 981 1365 enim
1007 1328 1115 1379 (licet
1153 1327 1228 1364 sibi
1265 1328 1490 1375 temporale
1529 1327 1705 1375 recipere
1739 1327 1813 1363 nisi

503 1387 559 1424 vel
593 1388 643 1423 ad
676 1386 945 1435 indigenciam
980 1386 1040 1422 sui
1074 1385 1253 1434 corporis
1276 1386 1337 1422 vel
1369 1387 1419 1422 ad
1442 1385 1709 1434 indigenciam
1745 1397 1814 1421 sue

502 1444 646 1491 anime,
702 1454 744 1481 ut
789 1445 1055 1481 ministrando
1094 1444 1337 1492 pauperibus
1386 1443 1576 1480 membris
1611 1442 1615 1493 Ι
1650 1443 1814 1480 ecclesie
1864 1450 1941 1493 169⁶

503 1511 716 1540 mereatur.
769 1505 816 1538 Et
860 1511 970 1551 patet
1009 1503 1116 1551 quod
1154 1501 1285 1538 omnis
1324 1501 1414 1538 talis
1448 1501 1665 1538 elemosina
1699 1503 1814 1538 debet

502 1562 641 1597 cedere
680 1560 900 1597 conferenti
944 1561 994 1596 ad
1034 1559 1234 1609 meritum,
1273 1560 1305 1596 si
1345 1559 1525 1596 conferat
1563 1568 1606 1596 ut
1639 1561 1812 1596 deberet.

502 1620 550 1654 Et
594 1627 717 1666 patet,
764 1631 852 1655 cum
902 1619 1034 1654 nullus
1079 1617 1247 1654 clericus
1286 1619 1405 1654 habet
1443 1626 1682 1665 potestatem
1717 1616 1814 1653 reci—

504 1676 636 1724 piendi
683 1676 835 1725 aliquid
880 1676 986 1725 quod
1030 1677 1190 1712 caderet
1235 1676 1284 1711 ad
1330 1676 1502 1712 dedecus
1546 1675 1606 1711 sui
1645 1676 1812 1723 generis,

504 1736 612 1782 quod
645 1747 726 1771 non
759 1736 878 1771 habet
911 1743 1150 1782 potestatem
1184 1734 1231 1770 ad
1266 1733 1539 1781 recipiendum
1572 1732 1812 1781 temporalia
1830 1739 1869 1771 25

504 1801 546 1828 ut
570 1792 801 1829 dominetur
824 1792 1004 1829 civiliter.
1036 1793 1122 1828 Hoc
1147 1791 1251 1828 enim
1276 1792 1376 1828 foret
1400 1791 1616 1828 maximum
1642 1792 1813 1828 dedecus

505 1850 640 1898 generi
673 1850 912 1887 sacerdotali
945 1849 1144 1899 possibile,
1179 1849 1273 1897 quia
1307 1849 1554 1886 mendicacio
1588 1858 1814 1886 monstruo-

505 1908 661 1944 sissima
694 1908 843 1945 faciens
876 1910 1125 1945 sacerdotem
1161 1909 1408 1955 degenerem.

564 1968 717 2012 Quarto
763 1966 943 2010 infertur,
990 1979 1078 2003 cum
1125 1965 1230 2002 idem
1277 1965 1326 2001 sit
1370 1965 1586 2002 elemosina
1632 1974 1670 2001 et
1715 1978 1814 2013 opus

508 2023 793 2074 misericordie,
827 2033 869 2061 ut
902 2026 1017 2061 docet
1049 2023 1293 2072 Augustinus
1325 2023 1365 2059 in
1398 2026 1455 2060 De
1486 2023 1624 2060 Verbis
1653 2023 1815 2060 Domini
1831 2031 1872 2063 30

507 2083 700 2118 Sermone
723 2084 807 2130 1110,
831 2095 911 2119 non
935 2083 1034 2119 foret
1058 2080 1277 2119 elemosina
1292 2083 1386 2118 dare
1410 2081 1553 2118 clerico
1577 2081 1815 2129 temporalia

507 2141 555 2175 ad
587 2139 798 2177 vivendum
832 2141 1068 2189 voluptuose
1107 2140 1185 2177 sive
1226 2139 1412 2185 civiliter3
1457 2152 1592 2187 ymmo
1637 2151 1682 2176 eo
1727 2139 1813 2187 ipso

507 2210 585 2245 quo
623 2198 708 2234 talis
748 2208 836 2246 post
876 2199 1099 2236 clericalem
1138 2198 1259 2235 vitam
1301 2197 1440 2233 incidit
1478 2196 1517 2233 in
1549 2197 1656 2234 illam
1691 2197 1810 2233 vitam

507 2256 773 2302 dyabolicam,
814 2256 942 2304 privat
980 2269 1020 2293 se
1053 2256 1137 2293 iure
1171 2256 1444 2304 cuiuscunque
1483 2255 1577 2292 boni
1610 2256 1716 2304 quod
1749 2268 1814 2292 oc-

506 2322 640 2361 cupat.
1829 2320 1868 2353 35

564 2371 697 2408 Prima
743 2384 835 2419 pars
879 2381 987 2420 patet
1032 2384 1078 2408 eo
1112 2373 1219 2420 quod
1253 2384 1372 2408 omne
1402 2384 1502 2420 opus
1542 2371 1813 2408 misericordie

507 2437 564 2465 est
597 2442 696 2478 opus
741 2429 943 2467 relevandi
974 2429 1162 2467 miserum
1194 2443 1215 2466 a
1252 2429 1413 2466 miseria
1445 2442 1536 2477 sua3
1572 2442 1660 2466 cum
1694 2429 1813 2477 igitur

506 2499 550 2523 ex
596 2487 826 2524 huiusmodi
873 2487 1172 2525 ministracione
1216 2487 1498 2536 temporalium
1533 2488 1698 2524 clericus
1732 2500 1813 2532 non

507 2545 717 2592 relevatur,
756 2547 824 2583 sed
862 2546 1130 2594 profundatur
1168 2546 1207 2582 in
1245 2559 1315 2583 sua
1354 2545 1526 2589 miseria,
1565 2554 1674 2593 patet
1706 2547 1813 2593 quod

577 2732 618 2752 10.
641 2724 734 2752 Cod.:
756 2733 794 2752 ne
811 2724 926 2761 faciat.
1016 2725 1061 2761 23,
1082 2734 1129 2760 24.
1151 2726 1245 2754 Cod.:
1268 2726 1475 2762 reczpiendum
1496 2726 1720 2761 temperendum
1737 2730 1811 2754 tem-

504 2759 640 2794 poralia.
713 2758 755 2787 38.
777 2758 870 2787 Cod.:
891 2760 1014 2788 clerico.

578 2843 630 2874 30.
657 2842 748 2885 Opp.
774 2848 858 2874 tom.
882 2843 924 2882 V,
955 2844 1112 2885 Append.
1140 2854 1217 2886 pag.
1244 2854 1321 2885 441.
