2050 3292
249 216 336 243 CAP.
358 204 490 259 xxm]
714 217 849 249 LIBER
873 215 1082 250 TERTIUS.

249 324 504 373 postmodum
550 335 668 360 omne
712 330 920 371 peccatum
966 322 1039 358 suit
1083 321 1330 369 prohibitum
1377 329 1413 358 et
1458 334 1556 369 pene

251 382 425 419 minacio
470 381 541 417 fuit
585 381 794 426 dissuasio,
840 389 881 416 ut
914 387 1021 428 patet
1054 381 1196 419 Genes.
1229 381 1270 426 II,
1303 378 1370 416 ubi
1403 388 1556 415 vetatur

251 453 337 476 esus
370 439 479 488 pomi
512 441 581 475 sub
616 452 717 486 pena
751 438 919 485 duplicis
954 437 1092 473 mortis
1126 439 1298 474 humane
1331 445 1485 482 nature,
1519 445 1557 473 et

248 499 456 543 J011.V1H‚
490 508 531 534 11
570 496 715 533 dicitur
759 496 885 533 eidem
933 504 1093 532 nature:
1135 496 1238 531 Vade
1281 502 1315 531 et
1359 495 1434 530 iam
1480 495 1556 530 noli

218 556 415 604 §amplius
440 567 614 604 peccare.
648 555 725 591 Sed
749 554 850 591 forte
872 553 944 590 iste
977 561 1137 590 sanctus
1161 552 1360 599 restringit
1381 551 1556 600 prohibi-

134 619 212 647 2120
251 613 406 649 cionem
452 613 502 649 ad
533 612 778 649 vetacionem
825 613 896 648 sub
936 624 1037 659 pena
1072 611 1208 647 mortis
1241 609 1459 658 spiritualis
1489 608 1492 662 Ι
1522 618 1558 646 et

251 669 541 707 dissuasionem
575 672 625 707 ad
655 669 903 706 vetacionem
936 670 1064 705 solum
1099 670 1171 705 sub
1205 680 1309 717 pena
1332 667 1557 705 amissionis

249 730 393 776 gradus
432 727 577 776 gracie.
631 729 707 764 Sed
741 728 870 764 adhuc
902 735 981 763 stat
1012 726 1239 772 difficultas,
1281 739 1369 762 curn
1404 726 1556 762 nullum

252 785 426 823 eiusdem
460 785 606 834 speciei
639 785 922 833 specialissime
956 784 1105 821 excedit
1137 784 1242 820 aliud
1278 783 1444 829 infinite,
1490 784 1556 818 sed

196 859 234 880 10
250 843 400 881 veniale
444 856 488 880 ac
536 844 702 879 mortale
735 852 826 879 sunt
871 843 1045 879 eiusdem
1079 841 1224 889 speciei
1258 841 1556 889 specialissime,

250 914 339 938 cum
373 901 527 937 veniale
561 909 690 949 potest
724 913 806 938 esse
840 901 1022 946 mortale,
1058 912 1150 946 ergo
1184 900 1352 936 mortale
1384 912 1465 935 non
1497 911 1558 934 ex-

251 959 353 995 cedit
387 959 537 995 veniale
570 959 610 995 in
644 959 803 995 malicia
835 958 1003 995 infinite.
1039 958 1140 993 Hinc
1170 965 1301 1005 potest
1325 956 1402 993 dici
1435 958 1557 1005 quod,

249 1017 350 1053 sicut
383 1016 563 1053 Christus
601 1015 756 1053 infinite
800 1016 949 1053 excedit
993 1016 1034 1052 in
1066 1014 1242 1052 bonitate
1281 1015 1379 1051 alios
1419 1015 1559 1051 fratres

250 1088 341 1111 suos
387 1074 512 1112 eciam
557 1075 776 1111 secundum
829 1073 1117 1110 humanitatem
1172 1081 1338 1121 propter
1384 1071 1558 1120 graciam

198 1132 423 1179 15unionis‚
469 1132 525 1169 sic
568 1142 775 1181 peccatum
825 1132 993 1168 mortale
1031 1131 1183 1168 excedit
1213 1129 1369 1168 veniale
1407 1129 1560 1166 infinite

251 1191 290 1227 in
344 1189 501 1227 malicia
553 1198 718 1238 propter
764 1189 1051 1226 extinccionem
1098 1188 1273 1226 caritatis
1327 1187 1561 1236 simpliciter

252 1247 513 1285 dileccionem
559 1256 847 1296 preposteram,
894 1260 972 1296 qua
1005 1256 1189 1284 creatura
1227 1246 1267 1282 in
1300 1258 1437 1282 amore
1470 1259 1557 1293 pre-

251 1306 381 1342 ficitur
413 1305 606 1353 creatori,
639 1319 711 1342 nec
745 1314 802 1342 est
834 1307 1072 1353 putandum,
1107 1305 1214 1353 quod
1244 1304 1369 1341 multa
1391 1302 1560 1343 venialia

252 1364 460 1400 manencia
492 1376 590 1412 pure
623 1363 792 1400 venialia
825 1363 1025 1411 integrant
1048 1363 1229 1409 mortale,
1264 1361 1377 1398 cuius
1402 1360 1561 1397 malicia

195 1435 236 1456 20
250 1421 290 1457 in
322 1421 590 1469 proporcione
613 1420 848 1458 racionabili
873 1421 1035 1458 maioris
1057 1419 1331 1469 inequalitatis
1356 1431 1395 1456 se
1418 1420 1562 1455 habeat

251 1481 301 1515 ad
346 1479 545 1526 singulum
591 1492 744 1525 eorum,
794 1481 863 1515 sed
908 1480 1014 1527 quod
1058 1479 1376 1526 unumquodque
1422 1489 1560 1514 eorum

251 1538 357 1585 quod
391 1536 502 1584 prius
534 1536 606 1573 fuit
639 1536 793 1574 veniale
826 1538 975 1573 factum
1010 1545 1067 1573 est
1101 1536 1265 1573 mortale
1304 1543 1470 1583 propter
1502 1534 1561 1570 in-

248 1594 487 1631 duccionem
520 1595 661 1631 mortis
695 1595 839 1634 anime.
884 1596 932 1630 Et
964 1594 1087 1633 tercio
1116 1594 1174 1631 sic
1207 1593 1396 1630 obicitur:
1431 1594 1560 1629 Omne

250 1653 403 1689 veniale
426 1652 656 1690 huiusmodi
681 1662 737 1689 est
760 1661 869 1689 tante
894 1652 1062 1697 malicie,
1089 1653 1197 1700 quod
1221 1659 1384 1700 propter
1405 1651 1556 1687 nullum

195 1710 439 1758 25possibile
482 1711 584 1747 foret
629 1710 975 1756 committendum,
1023 1723 1112 1747 cum
1147 1710 1256 1748 nulla
1290 1708 1398 1745 racio
1431 1717 1561 1756 potest

252 1769 418 1805 fundare
451 1769 694 1805 eleccionem
731 1780 848 1816 super
881 1777 1106 1816 peccatum,
1141 1780 1187 1804 eo
1211 1769 1319 1816 quod
1342 1775 1436 1803 tunc
1461 1775 1561 1803 esset

252 1826 396 1862 iustum
444 1838 489 1862 ac
533 1826 777 1863 racionabile
821 1827 927 1874 quod
969 1827 1090 1862 homo
1123 1835 1279 1873 peccet3
1314 1836 1561 1872 consequen-s

254 1883 536 1930 contradiccio,
570 1897 659 1920 cum
693 1893 787 1920 tunc
820 1893 1005 1932 peccator
1038 1884 1184 1920 faceret
1215 1892 1257 1919 ut
1291 1884 1464 1920 deberet,
1510 1884 1562 1917 Ex

252 1955 330 1989 quo
363 1941 519 1978 videtur
553 1943 659 1990 quod
682 1954 801 1978 omne
835 1950 1042 1990 peccatum
1079 1941 1204 1978 eciam
1237 1940 1389 1978 veniale
1423 1940 1471 1976 sit
1504 1939 1561 1975 in-

197 2004 237 2036 30
253 1999 407 2035 finitum
444 2000 607 2046 malum,
642 2000 735 2047 quia
769 2012 888 2047 supra
920 2012 1038 2036 omne
1073 2000 1221 2035 malum
1255 2010 1356 2047 pene
1380 1997 1562 2047 fugibile3

134 2059 213 2092 212d
253 2059 319 2093 sed
351 2057 549 2093 infinitum
585 2058 734 2094 malum
770 2066 898 2105 potest
931 2070 1014 2094 esse
1044 2053 1047 2109 Ι
1077 2057 1240 2105 aliquod
1276 2056 1423 2092 malum
1449 2067 1561 2103 pene.

254 2115 544 2153 Confirmatur:
590 2117 802 2152 Peccatum
849 2115 1144 2163 quantumlibet
1196 2115 1280 2150 leve
1332 2113 1563 2150 immediate

254 2185 422 2221 sequens
456 2181 602 2210 statum
636 2172 871 2210 innocencie
904 2174 1003 2209 foret
1026 2181 1233 2221 peccatum
1270 2172 1457 2216 mortale;
1492 2183 1563 2207 nec

255 2239 463 2267 excusatur
495 2230 658 2279 aliquod
691 2240 900 2279 peccatum
934 2230 1096 2267 racione·
1128 2231 1262 2278 lapsus
1292 2241 1343 2265 ne
1377 2229 1425 2265 sit
1459 2240 1562 2264 mor-

198 2292 237 2324 35
253 2289 344 2333 tale,
391 2300 484 2336 ergo
529 2301 647 2325 omne
691 2297 899 2337 peccatum
935 2287 1231 2337 quantumlibet
1263 2286 1414 2323 veniale
1445 2286 1564 2323 fuerit

255 2354 311 2382 est
356 2346 537 2382 mortale.
590 2348 850 2394 Assumptum
895 2346 1049 2382 videtur
1095 2358 1137 2382 ex
1181 2346 1255 2382 hoc
1299 2346 1407 2392 quod
1446 2356 1563 2380 omne

204 2407 207 2410 ”
256 2412 463 2451 peccatum
497 2403 616 2451 primi
650 2404 825 2452 parentis
859 2405 1084 2440 excluderet
1117 2405 1165 2440 ab
1201 2415 1246 2439 eo
1269 2410 1420 2438 statum
1451 2401 1563 2438 inno-

254 2461 390 2497 cencie
436 2470 473 2497 et
517 2461 725 2498 induceret
776 2470 923 2498 statum
971 2462 1104 2509 lapsus
1155 2461 1332 2498 tollendo
1385 2460 1562 2508 graciam

255 2518 503 2565 innocencie,
537 2532 612 2567 que
646 2533 725 2555 non
759 2519 1016 2567 componitur
1047 2532 1090 2555 ex
1122 2519 1302 2566 partibus
1340 2516 1563 2561 intensivisss,

197 2591 241 2621 40
257 2588 358 2624 pena
393 2576 495 2612 enim
530 2577 619 2613 talis
652 2577 805 2625 peccati
840 2577 1045 2613 induceret
1079 2585 1264 2613 mortem.

325 2730 350 2749 2.
371 2722 498 2749 minatio
519 2723 547 2749 in
571 2730 667 2756 marg.
689 2722 746 2749 alia
767 2730 876 2756 mamm
905 2723 932 2749 in
954 2727 1035 2749 textu
1061 2723 1219 2749 minatum.
1294 2731 1322 2756 ι).
1344 2721 1440 2748 Cod.:
1461 2723 1564 2749 seriel.

260 2756 299 2783 υἱ,
320 2757 518 2791 simpliciter,-
538 2758 663 2783 rectius:
686 2756 857 2784 secundnm.
939 2765 976 2791 ¹7-
998 2757 1191 2784 dilectionem
1207 2757 1245 2783 ita
1265 2757 1429 2789 textus;-in
1453 2764 1565 2790 marg:

257 2792 503 2853 cit'milnucionem.
576 2798 620 2825 24.
649 2791 743 2819 Cael:
776 2793 896 2819 veniale
916 2793 968 2819 ἰἠ.
1043 2791 1321 2830 312'.,Assumptum.
1350 2791 1450 2819 (3042,
1469 2798 1566 2825 argu-

260 2834 325 2852 men
343 2834 400 2852 um.

1762 218 1840 256 523
