2050 3292
244 213 332 241 cAP.
353 204 482 257 xxiv]
708 212 843 243 LIBER
869 211 1077 244 TERTIUS.
1757 211 1832 248 531

244 330 444 370 precepta,
479 320 571 369 quia
617 319 779 367 diligere
812 321 936 354 Deum
986 330 1028 353 ex
1063 317 1247 353 omnibus
1280 316 1429 352 viribus
1469 317 1548 353 suis

243 380 299 417 sic
332 381 437 427 quod
470 377 593 414 nichil
626 377 764 424 diligat
796 385 903 412 extra
936 376 1079 423 ipsum,
1115 375 1181 412 sed
1216 374 1407 423 quicquid
1442 374 1549 410 aliud

244 437 422 474 dilexerit
438 437 513 473 hoc
536 436 637 472 foret
660 435 700 470 in
715 434 855 471 ordine
872 435 921 470 ad
946 434 1074 481 ipsum
1093 432 1264 469 finaliter
1287 432 1548 479 diligendum.

243 498 291 532 Et
322 495 377 532 sic
410 493 527 530 nimis
561 494 697 530 crebre
720 505 932 540 peccamus
957 490 1178 527 mortaliter
1202 491 1370 527 nitentes
1393 489 1549 538 publice

210 559 407 602 §peccata
451 560 588 588 nostra
623 551 834 587 defendere
882 550 920 585 in
953 558 1108 585 tantum
1155 551 1263 596 quod
1304 548 1468 597 quidam
1502 549 1549 584 de

243 611 397 648 clericis
429 609 573 646 nostris
606 608 824 644 incidentes
849 607 887 643 in
911 606 1131 655 capitulum
1154 615 1411 654 peccatorum
1434 604 1550 641 Ysaie

243 671 304 716 III,
339 681 363 718 9
402 675 601 718 peccatum
646 679 754 702 suum
801 666 908 713 quasi
952 666 1120 700 Sodoma
1148 664 1453 713 predicaverunt
1485 675 1551 699 nec

243 727 538 763 absconderunt.
575 726 622 760 Et
656 726 704 760 ad
741 732 894 759 tantum
931 722 1098 759 invaluit
1144 722 1219 758 ista
1253 722 1411 758 macula
1442 722 1549 769 quod

243 784 350 820 iuxta
379 782 623 820 sentenciam
659 780 998 818 Commentatoris
1035 780 1073 815 in
1097 780 1264 827 prologo
1292 779 1403 816 tercii
1427 778 1551 814 Phisi-

190 864 228 885 10
244 855 383 879 corum
407 850 638 889 peccatores
662 838 951 876 consuetudine
975 837 1176 885 accipiunt
1200 847 1241 873 ut
1267 837 1397 873 cibum
1419 836 1551 873 anime

126 909 205 944 215d
244 913 319 948 que
351 908 448 947 aput
477 900 481 947 Ι
510 898 685 934 divinum
721 896 911 932 iudicium
947 905 1037 931 sunt
1073 907 1284 940 venenum,
1324 894 1425 931 sicut
1459 906 1551 930 con-

243 957 357 1005 tingit
402 956 577 1004 capitulo
622 953 844 1002 Augustini,
898 953 1064 989 dicentis
1109 952 1371 988 Enchiridion
1416 953 1549 987 LXIV:

244 1015 411 1060 Nostris,
451 1013 593 1062 inquit,
632 1012 868 1061 temporibus
900 1012 1019 1047 multa
1054 1011 1154 1046 mala
1188 1012 1223 1045 in
1257 1018 1432 1060 apertam
1465 1021 1551 1044 con—

241 1073 477 1110 suetudinem
523 1072 597 1107 iam
642 1077 837 1115 venerunt,
872 1077 910 1104 ut
938 1080 1013 1118 pro
1053 1068 1105 1104 eis
1137 1081 1209 1104 non
1241 1069 1364 1104 solum
1397 1079 1551 1103 excom-

191 1142 226 1174 15
244 1131 439 1167 municare
471 1130 635 1178 aliquem
670 1129 825 1179 laycum
860 1139 931 1162 non
955 1127 1167 1162 audeamus
1191 1127 1258 1162 sed
1280 1139 1347 1162 nec
1369 1125 1549 1161 clericum

244 1190 480 1240 degradare.
515 1190 562 1223 Et
593 1187 708 1223 istam
743 1185 1013 1221 defensionem
1050 1184 1308 1232 conqueritur
1337 1183 1551 1231 Gregorius

244 1248 397 1283 XXXIII
431 1247 529 1281 Mor.
584 1256 702 1292 super
753 1244 820 1279 illo
872 1244 942 1278 Job
981 1242 1082 1277 XLI:
1129 1243 1185 1277 Ibi
1227 1242 1356 1277 habuit
1388 1243 1549 1290 foveam

245 1305 431 1341 hericius:
475 1302 576 1339 sicut
609 1315 690 1339 esse
722 1301 883 1338 noxium
917 1302 1027 1346 solet,
1063 1300 1093 1335 si
1131 1300 1261 1335 unitas
1295 1299 1393 1336 desit
1425 1298 1551 1339 bonis,

245 1362 299 1399 ita
344 1361 613 1410 perniciosum
645 1369 700 1397 est
723 1360 754 1395 si
783 1372 863 1395 non
891 1358 991 1395 desit
1016 1357 1143 1403 malis,
1176 1370 1381 1405 perversos
1404 1356 1552 1405 quippe

190 1420 378 1462 20unitos
422 1420 657 1456 corroborat
702 1420 793 1455 dum
842 1418 1072 1462 concordat,
1119 1424 1155 1451 et
1186 1424 1297 1452 tanto
1332 1415 1456 1462 magis
1495 1414 1553 1449 in-

245 1477 492 1526 corrigibiles
538 1485 687 1525 quanto
732 1474 941 1511 unanimes
984 1474 1089 1511 facit.
1136 1476 1183 1510 Et
1214 1473 1305 1510 ideo
1338 1472 1415 1509 dixi
1447 1471 1552 1520 capi-

247 1536 331 1572 tulo
356 1564 363 1571 .
389 1563 397 1572 .
423 1566 431 1574 .
455 1534 573 1571 huius
596 1536 641 1581 V,
675 1535 781 1582 quod
807 1532 1074 1570 communitas
1107 1542 1384 1580 perversorum
1420 1537 1555 1577 gravat

248 1593 460 1630 maliciam.
507 1594 621 1629 Unde
665 1600 873 1639 comparat
906 1590 1121 1638 Gregorius
1168 1597 1396 1626 excusantes
1440 1600 1481 1624 se
1513 1587 1552 1622 in

247 1651 418 1699 peccatis
464 1649 679 1695 herinacio,
725 1662 795 1698 per
840 1661 957 1697 quem
1006 1647 1302 1684 maliciosarum
1353 1645 1551 1682 mencium

190 1719 227 1750 25
247 1709 421 1745 defensio
446 1708 684 1756 designatur.
719 1707 911 1752 Hericius‚
942 1706 1083 1754 inquit,
1108 1719 1191 1742 cum
1216 1703 1554 1754 comprehenditur

246 1775 359 1816 caput
391 1767 481 1812 eius,
520 1767 639 1815 pedes
671 1773 705 1801 et
737 1773 855 1801 totum
889 1777 1030 1813 corpus
1061 1764 1305 1813 conspicitur,
1350 1763 1417 1798 sed
1460 1773 1554 1797 mox

246 1837 330 1861 cum
363 1824 625 1874 apprehensus
648 1824 777 1872 fuerit
808 1835 950 1872 corpus
982 1822 1060 1858 eius
1092 1823 1127 1858 in
1160 1834 1311 1870 speram
1337 1821 1487 1870 colligit
1519 1827 1553 1856 et

246 1883 346 1918 intra
379 1882 538 1918 tenentis
570 1894 723 1917 manum
756 1882 883 1930 quoad
915 1892 1065 1916 sensum
1099 1887 1217 1916 totum
1242 1879 1431 1915 amittitur
1453 1878 1554 1926 quod

246 1947 355 1976 antea
400 1940 622 1984 videbatur,·
664 1939 718 1975 sic
761 1938 956 1974 maliciose
988 1945 1142 1982 mentes,
1187 1950 1271 1973 cum
1305 1936 1548 1986 comprehen-

190 2007 232 2039 30
248 1999 391 2033 duntur
422 1998 458 2033 in
490 1997 569 2033 suis
600 1997 830 2041 excessibus,
864 1996 950 2044 quia
982 2009 1054 2045 quo
1087 1996 1196 2031 inicio
1229 2003 1407 2044 tanquam
1431 1994 1554 2042 capite

246 2056 297 2091 ad
340 2056 492 2104 culpam
536 2061 792 2097 accesserunt,
837 2054 910 2089 iam
957 2054 1154 2098 videntur,-
1204 2053 1335 2101 quihus
1384 2052 1554 2101 vestigiis

246 2121 426 2161 tanquam
454 2113 616 2162 pedibus
649 2112 816 2161 nequicia
842 2118 1071 2160 perpetrata
1100 2111 1349 2161 cognoscitur
1372 2118 1405 2145 et
1428 2119 1552 2146 tamen

129 2179 208 2211 216¹²
247 2171 424 2207 adductis
457 2178 610 2219 repente
642 2166 1191 2222 excusacionibuslmaliciosa
1216 2181 1319 2205 mens
1341 2169 1552 2205 introrsum

245 2241 286 2264 se
329 2229 490 2279 colligit,
536 2229 624 2263 dum
670 2228 794 2264 omnia
834 2239 952 2276 opera
985 2227 1088 2263 mala
1122 2227 1306 2262 velamine
1343 2226 1554 2262 sanctitatis

191 2294 230 2326 35
248 2287 390 2322 obiecta
423 2287 524 2322 intra
557 2298 710 2321 manum
744 2285 989 2333 corripientis
1020 2285 1129 2333 quasi
1162 2296 1278 2333 spera
1310 2284 1449 2334 spiritu
1483 2284 1557 2320 Dei

247 2356 393 2380 summe
425 2344 598 2379 ducihilis
630 2351 784 2392 repente
814 2355 854 2378 se
885 2343 1033 2392 colligit
1055 2350 1089 2378 et
1115 2354 1325 2391 perversos
1348 2342 1555 2378 consimilis

204 2406 208 2409 “
248 2409 377 2438 reatus
409 2402 444 2437 in
478 2401 737 2449 defensionem
769 2401 830 2437 sui
862 2401 1066 2450 recolligit.
1102 2401 1191 2447 Sibi,
1225 2399 1367 2448 inquit,
1401 2400 1554 2448 quisque

318 2578 358 2603 14.
389 2569 483 2598 Cod.:
514 2578 584 2596 nam
614 2573 769 2597 venerunt.
851 2570 886 2597 15.
917 2569 1011 2596 Cod.:
1043 2569 1153 2595 amodo
1183 2569 1304 2596 laicum.
1380 2576 1418 2601 17.
1449 2568 1552 2595 Recte:

246 2605 514 2674 Zfflgrdgsslpttlsai.
542 2604 673 2639 XXXIV,
701 2610 748 2637 14,
776 2606 820 2631 15.
905 2612 944 2631 21.
967 2602 1065 2639 facit.
1093 2603 1186 2631 Cod.:
1210 2603 1303 2639 facti.
1387 2603 1430 2630 30.
1459 2603 1553 2631 Cod.:

316 2733 347 2764 9.
375 2722 648 2755 Commentator.
689 2722 740 2754 Cf.
774 2723 822 2753 De
856 2722 1009 2753 Ecclesia
1040 2732 1073 2763 p.
1106 2721 1160 2765 95,
1199 2723 1255 2753 ubi
1295 2729 1328 2752 et
1364 2721 1420 2752 hic
1457 2722 1554 2753 locus

248 2770 378 2801 citatur.
494 2768 543 2799 13.
578 2769 680 2800 Recte
712 2779 784 2810 cap.
820 2768 966 2807 LXXIX,
1006 2778 1082 2809 pag.
1117 2778 1193 2808 227.
1312 2767 1358 2799 16.
1395 2768 1555 2809 Gregorii

249 2815 340 2856 Opp.
365 2822 449 2846 torn.
475 2815 498 2857 Ι7
525 2824 602 2856 pag.
626 2813 859 2855 1107—1108.

1360 2867 1424 2910 34*
