2050 3292
174 261 257 299 430

189 717 266 745 Civil
289 717 346 744 law
368 717 393 743 is
415 725 431 743 a

194 753 315 786 private
336 752 406 783 law,

893 259 951 290 DE
981 259 1119 290 Civim
1145 259 1358 290 D0M1Nio.
1567 245 1688 301 [CAP.
1712 255 1784 283 xxi

464 377 613 413 ponere
647 366 694 401 de
726 364 812 401 iure
844 372 998 401 nature.
1034 366 1188 401 Natura
1221 364 1325 401 enim
1351 364 1460 412 prius
1486 364 1646 400 ordinat
1669 372 1784 413 quot—

464 423 560 459 libet
592 422 653 459 ius
687 423 922 459 humanum.
976 424 1090 459 Unde
1129 431 1290 471 oportet
1321 423 1498 459 volentes
1539 421 1786 470 distinguere

466 481 543 517 ista
576 480 664 517 iura
696 492 937 528 cognoscere
975 481 1103 528 legem
1144 489 1272 517 status
1311 479 1546 517 innocencie
1586 488 1623 516 et
1656 480 1782 528 legem

466 538 770 587 superadditam
814 547 955 575 nature
988 538 1110 586 lapse,
1153 547 1189 575 et
1227 540 1405 575 secundo
1446 546 1585 574 notare
1618 550 1694 586 que
1726 537 1788 573 lex

468 597 647 633 humana
679 596 812 644 primo
846 605 884 632 et
917 595 1151 633 immediate
1186 596 1342 633 elicitur
1374 604 1417 632 ut
1445 597 1551 644 leges
1575 595 1820 632 hominum5

468 655 686 703 generales,
726 663 763 690 et
795 666 872 702 que
910 653 1084 690 mediate
1116 662 1160 690 ut
1192 655 1297 702 leges
1337 653 1488 702 private
1519 654 1580 690 vel
1613 653 1788 701 particu-

470 713 585 751 lares,
618 713 734 749 Unde
757 711 816 747 ius
840 711 954 748 civile
978 720 1035 747 est
1058 711 1117 748 ius
1141 711 1384 760 particulare
1417 710 1593 759 positum
1628 723 1671 747 ex
1704 711 1788 747 iure

176 786 314 814 founded
337 794 377 813 on
399 786 450 813 the
472 779 615 806 nature
659 778 696 806 et
728 769 814 806 iure
847 769 1045 817 gencium,
1091 771 1142 806 ad
1181 769 1465 806 stabiliendum
1498 768 1787 817 proprietatem

195 822 252 848 law
275 821 309 848 of
327 825 434 848 nature

188 856 247 883 and
269 857 303 884 of
318 855 441 883 nations

473 827 734 876 possessionis
748 827 981 863 humanitus
998 829 1276 873 constitutum3
1293 829 1398 864 unde
1412 828 1633 864 secundum
1649 826 1789 863 Archi-

177 892 225 918 for
246 890 451 925 maintaining
472 886 689 922 diaconum
724 885 870 922 dicitur
900 885 1022 932 civile,
1056 886 1142 934 quia
1176 899 1197 921 a
1232 887 1379 922 duabus
1407 885 1624 921 civitatibus
1644 885 1789 921 scilicet
1808 898 1848 919 10

211 926 261 953 the
282 926 362 960 right
381 926 415 952 of

242 965 391 1022 property

264 995 390 1030 umanly

230 1029 401 1057 instituted.

180 1063 205 1091 It
224 1064 250 1092 is
271 1064 441 1100 appointed

250 1099 290 1135 by
309 1099 383 1126 each

198 1138 340 1169 separate
361 1137 436 1161 state

250 1177 286 1196 01·
305 1169 376 1204 city.

470 944 755 980 Atheniensium
789 951 825 980 et
847 944 1221 980 Lacedemoniorum
1247 944 1359 980 duxit
1382 944 1586 994 originem,
1620 951 1658 979 et
1690 942 1787 978 illud

470 1002 529 1038 ius
563 1011 620 1038 est
654 1002 780 1047 magis
813 1010 1013 1038 remotum
1038 1014 1061 1038 a
1090 1001 1175 1038 iure
1198 1011 1340 1038 nature
1363 1014 1484 1050 quam
1510 1001 1570 1037 ius
1595 1000 1786 1046 medium,

470 1061 579 1108 quod
613 1067 670 1096 est
702 1060 784 1096 eius
822 1059 1077 1108 principium,
1116 1059 1218 1096 sicut
1252 1061 1309 1095 ius
1342 1068 1483 1096 nature
1517 1068 1577 1095 est
1609 1058 1786 1107 primum

469 1118 712 1166 principium
758 1117 939 1154 omnium
985 1117 1170 1154 aliorum.
1224 1119 1356 1166 Ipsum
1397 1126 1530 1154 autem
1577 1116 1637 1153 ius
1676 1116 1789 1153 civile

470 1175 644 1212 intendit
676 1176 913 1224 proprietati
946 1184 1081 1224 preter
1112 1176 1172 1212 ius
1205 1185 1347 1212 nature
1376 1175 1558 1224 quamvis
1591 1174 1789 1223 gencium.
1810 1178 1846 1210 15

529 1236 577 1270 Et
620 1234 693 1270 iste
735 1234 892 1271 videtur
941 1246 1079 1270 sensus
1110 1233 1269 1270 Ysidori
1323 1243 1359 1270 et
1416 1233 1578 1279 decreti,
1628 1233 1790 1281 quando
1829 1235 1856 1266 E

471 1292 611 1328 dicunt
644 1293 752 1340 quod
795 1292 853 1328 ius
891 1292 1001 1328 civile
1032 1299 1089 1328 est
1121 1292 1179 1328 ius
1211 1294 1313 1340 quod
1343 1291 1499 1341 quilibet
1530 1292 1698 1341 populus
1731 1291 1792 1327 vel

471 1350 606 1386 civitas
637 1350 710 1386 sibi
733 1350 943 1399 proprium
978 1350 1106 1386 divina
1146 1350 1388 1398 humanaque
1425 1362 1541 1386 causa
1580 1348 1792 1393 constituit;

473 1417 509 1445 et
542 1417 706 1456 propter
738 1409 813 1444 hoc
847 1409 954 1456 quod
988 1407 1073 1456 ipse
1106 1408 1279 1456 populus
1312 1408 1372 1444 vel
1406 1407 1543 1444 civitas
1583 1406 1791 1443 constituit

474 1466 606 1503 differt
639 1479 660 1502 a
694 1465 779 1502 iure
812 1475 954 1502 nature
988 1467 1095 1514 quod
1127 1466 1212 1502 sola
1243 1475 1388 1502 natura
1421 1464 1639 1513 constituit,
1662 1474 1700 1501 et
1720 1476 1792 1513 per
1808 1477 1849 1498 20

476 1526 551 1561 hoc
585 1525 692 1573 quod
725 1520 1143 1577 populuslconstituit
1174 1523 1249 1560 sibi
1287 1523 1493 1572 proprium
1534 1522 1792 1571 distinguitur
1842 1524 1919 1568 173d

481 1595 502 1619 a
546 1582 632 1619 iure
675 1582 873 1630 gencium,
919 1583 1027 1631 quod
1072 1591 1129 1619 est
1173 1594 1389 1619 commune
1440 1581 1603 1618 cuilibet
1645 1580 1791 1617 viventi

470 1640 647 1689 politice,
673 1649 710 1677 et
733 1653 804 1689 per
826 1640 993 1677 terciam
1018 1639 1290 1677 differenciam
1315 1641 1423 1688 quod
1440 1639 1573 1676 divina
1596 1640 1792 1675 humana-

471 1712 548 1747 que
594 1711 715 1735 causa
761 1698 967 1735 constituit
1011 1699 1070 1735 lex
1116 1698 1252 1747 civilis,
1304 1698 1484 1746 tangitur
1536 1697 1619 1733 eius
1672 1709 1792 1734 causa

481 1757 620 1803 finalis,
655 1756 748 1805 quia
780 1758 999 1794 secundum
1032 1756 1376 1793 Archidiaconum
1415 1756 1449 1792 si
1485 1769 1506 1791 α
1540 1756 1626 1806 Iege
1657 1762 1794 1791 nature
1810 1757 1849 1789 25

469 1818 503 1852 in
549 1815 677 1864 aliquo
712 1815 908 1851 discordet
941 1828 1014 1851 non
1047 1816 1121 1850 erit
1153 1815 1220 1851 lex
1263 1815 1332 1851 sed
1365 1814 1464 1865 legis
1501 1813 1720 1862 corrupcio,
1755 1821 1792 1849 et

470 1886 541 1921 per
574 1885 823 1921 consequens
856 1881 1015 1921 oportet
1048 1874 1156 1921 quod
1189 1873 1320 1909 omnis
1353 1872 1450 1920 legis
1484 1871 1604 1908 civilis
1638 1870 1786 1907 consti-

472 1931 579 1968 tucio
623 1931 672 1967 sit
716 1932 767 1967 ad
811 1931 1081 1967 reverenciam
1118 1930 1189 1967 Dei
1235 1939 1272 1967 et
1309 1930 1523 1967 utilitatem
1565 1928 1790 1965 hominum.

472 1990 525 2033 Si,
560 1989 691 2037 inquit
722 1989 1057 2039 Archidiaconus,
1089 1989 1237 2037 aliquid
1268 1989 1461 2025 contineat
1492 1995 1628 2023 contra
1661 1987 1787 2023 Deum

473 2048 533 2083 vel
564 2048 734 2083 homines
767 2055 822 2084 est
854 2047 1132 2096 repellendum.
1168 2046 1233 2082 Isti
1267 2048 1451 2083 doctores
1484 2045 1580 2081 iuris
1610 2044 1732 2081 civilis
1755 2053 1792 2081 et
1808 2047 1850 2079 30

473 2104 656 2142 canonici
671 2105 1021 2142 nescieruntistam
1039 2105 1299 2141 subtilitatem
1316 2103 1575 2153 grammatice
1586 2102 1616 2138 si
1628 2102 1792 2150 aliquod

474 2172 531 2200 est
553 2163 613 2199 ius
637 2163 821 2208 civitatis,
855 2172 950 2199 tunc
973 2165 1101 2211 ipsum
1127 2171 1183 2199 est
1206 2162 1266 2198 ius
1290 2163 1412 2207 civile,
1446 2162 1506 2198 vel
1529 2162 1637 2209 quod
1661 2161 1792 2208 aliqua

474 2222 533 2257 lex
556 2230 624 2258 aut
647 2222 822 2258 humana
847 2230 1023 2269 potestas
1043 2221 1248 2269 dispensat
1271 2220 1310 2256 in
1333 2220 1470 2268 aliquo
1495 2227 1633 2256 contra
1650 2220 1791 2254 Deum.

475 2280 590 2316 Unde
611 2279 873 2316 distinccione
890 2281 919 2315 ΙΙ
942 2281 1146 2316 decretum
1171 2278 1362 2327 epilogat:
1386 2279 1540 2321 Omnes,
1562 2276 1704 2326 inquit,
1726 2277 1793 2311 hee

474 2338 618 2387 species
639 2338 872 2374 secularium
897 2338 1028 2387 legum
1056 2345 1195 2386 partes
1219 2344 1320 2373 sunt.
1354 2339 1455 2372 Nam
1486 2335 1547 2371 ius
1570 2335 1791 2370 humanum
1809 2336 1848 2369 35

476 2397 584 2443 quod
616 2395 809 2432 Ysidorus
841 2404 957 2431 vocat
996 2395 1307 2432 constitucionem
1351 2403 1387 2430 et
1421 2394 1545 2444 Iegem
1578 2392 1791 2429 secularem

476 2455 595 2489 habet
627 2454 811 2501 quotibet
840 2466 991 2500 sensus,
1025 2462 1067 2489 ut
1091 2461 1201 2501 patet
1224 2453 1485 2489 distinccione
1509 2453 1539 2488 II
1573 2449 1789 2487 secundum

477 2511 782 2548 distinccionem
808 2511 990 2559 parcium
1015 2511 1199 2561 civitatis,
1233 2512 1280 2547 de
1314 2510 1457 2559 quibus
1470 2510 1561 2545 V110
1584 2506 1791 2544 Politicor.

475 2692 510 2719 d·
535 2657 583 2719 '131'
604 2665 696 2719 qtuam
721 2658 778 2685 ius.
809 2657 904 2685 Cod.:
932 2657 1083 2693 quamvis.
1191 2664 1231 2690 17.
1253 2656 1347 2691 quod.
1368 2654 1462 2682 Cod.:
1484 2655 1546 2690 qui.
1633 2653 1673 2681 18.
1695 2652 1790 2680 Cod.:

497 2700 558 2720 tvm
602 2700 640 2719 e.

552 2785 600 2806 10.
620 2775 732 2817 Super
748 2775 847 2807 Decr.
869 2775 892 2818 1,
919 2774 997 2806 dist.
1024 2775 1047 2815 l,
1075 2783 1148 2815 cap.
1178 2773 1235 2805 Ius
1259 2776 1378 2804 autem
1399 2772 1576 2803 naturale.
1654 2780 1703 2812 ¹7·
1723 2771 1789 2801 De-

476 2822 559 2853 creti
586 2821 701 2852 Prima
727 2831 817 2863 pars,
844 2820 920 2853 dist.
948 2821 971 2864 1,
999 2831 1072 2862 cap.
1095 2819 1182 2852 VIII.
1250 2819 1302 2852 25.
1329 2818 1606 2850 Archidiaconus
1625 2818 1667 2848 ad
1688 2817 1788 2859 capit.

479 2867 535 2901 lus
561 2871 677 2899 autem
705 2868 879 2900 naturale.
978 2868 1030 2907 34.
1060 2867 1243 2898 Gratianus
1270 2866 1311 2897 ad
1340 2866 1416 2898 dist.
1443 2864 1496 2896 ΙΙΙ.
