2050 3292
233 232 313 278 584

277 930 410 964 Degrces
429 930 464 956 of

244 964 490 997 righteousness:

255 1008 275 1026 1.
297 999 322 1026 [t
342 1004 424 1026 must
446 999 481 1026 be

229 1033 281 1061 full
295 1034 421 1069 (paying
434 1034 503 1061 God

295 1068 341 1095 his
362 1069 442 1103 due).

242 1515 266 1534 2.
289 1507 486 1541 continuous,

289 1796 314 1824 3.
336 1796 451 1832 steady.

947 239 1005 270 DE
1034 238 1170 270 CIVILI
1197 239 1408 272 DOMINIO.
1603 226 1711 282 [CAP-
1732 237 1830 264 XXV.

518 344 714 392 penalitas
759 343 1010 382 dormientis.
1055 345 1223 392 Oportet
1268 356 1360 391 ergo
1399 356 1536 381 sensus
1575 353 1655 380 tam
1696 345 1831 393 vigiles

519 402 660 438 elicere
693 410 825 438 actum
862 401 1140 449 complacendi
1164 402 1223 438 vel
1247 401 1498 449 displicendi,
1533 404 1601 438 sed
1625 404 1831 450 quomodo

519 472 599 495 non
632 460 839 507 langueret
872 458 1196 507 concupiscibilis
1242 467 1279 495 et
1312 460 1467 495 doleret
1512 461 1560 495 de
1599 459 1831 507 perdicione

518 516 618 553 tanti
651 516 797 564 gaudii⁷
832 525 1028 565 quantum
1063 516 1136 553 scit
1168 517 1307 553 saltem
1344 517 1506 553 confuse
1534 517 1663 553 inesse
1686 517 1830 564 beatis;

519 574 633 610 aliter
685 574 790 610 enim
844 574 946 610 foret
997 574 1130 611 viante
1182 574 1343 611 beacior
1402 575 1586 610 habendo
1639 574 1864 623 quicquid5

517 631 690 668 voluerit
735 640 772 667 et
816 631 940 668 nichil
987 632 1081 668 mali
1112 632 1230 668 vellet
1274 631 1349 668 nisi
1394 641 1579 680 peccaret
1623 632 1833 669 actualiter

519 689 686 725 infinite.
732 689 880 725 Volunt
925 689 1047 737 igitur
1092 691 1289 735 doctores,
1332 690 1438 738 quod
1470 703 1550 726 non
1583 702 1653 737 per
1686 702 1726 727 se
1758 703 1831 738 pro

518 746 705 794 originali
750 746 945 794 infligitur
988 756 1181 794 perpetua
1224 759 1327 794 pena
1375 759 1510 783 sensus
1561 749 1629 783 sed
1673 756 1831 796 oportet

520 817 681 841 omnem
707 806 973 852 dampnatum
999 806 1145 841 habere
1177 805 1452 852 gravissimam
1480 817 1623 853 penam
1648 805 1830 842 omnium

520 875 707 899 sensuum
741 862 915 899 aliunde.
1852 876 1890 897 10

578 921 691 956 Unde
725 920 773 956 ad
806 919 1115 967 concipiendum
1148 921 1353 967 quomodo
1386 932 1465 956 una
1497 919 1651 957 iusticia
1682 921 1743 957 vel
1775 920 1833 956 in-

519 977 677 1014 iusticia
710 977 759 1013 sit
794 977 921 1013 maior
944 977 1111 1025 reliqua,
1145 986 1304 1025 oportet
1332 985 1471 1014 notare
1494 978 1700 1026 quomodo
1724 978 1834 1026 equi-

518 1047 614 1071 voce
653 1035 731 1071 alia
771 1043 828 1071 est
867 1044 1002 1071 creata
1040 1034 1211 1080 iusticia,
1257 1035 1335 1072 alia
1365 1035 1558 1082 increata,
1593 1044 1630 1072 et
1663 1044 1833 1084 utraque

520 1092 668 1129 dicitur
699 1092 863 1129 relative
895 1094 945 1129 ad
980 1092 1188 1141 reliquam.
1230 1093 1296 1129 llle
1329 1092 1449 1141 igitur
1487 1093 1553 1141 qui
1586 1093 1834 1141 complecius

520 1150 651 1187 reddit
685 1152 769 1187 Deo
803 1151 912 1199 quod
946 1152 1064 1187 debet
1097 1159 1154 1187 est
1186 1150 1340 1197 iustior,
1374 1159 1411 1187 et
1435 1150 1490 1187 sic
1512 1159 1672 1199 oportet
1694 1152 1890 1188 notare15

520 1210 660 1244 datum
703 1217 861 1256 tempus
905 1217 941 1244 et
985 1207 1164 1245 habitum
1209 1208 1249 1244 in
1302 1210 1579 1256 comparando
1632 1208 1833 1245 iusticiam

521 1265 695 1311 Domini,
735 1265 791 1302 sic
824 1267 933 1314 quod
972 1267 1333 1313 correspondenter
1372 1268 1422 1302 ad
1453 1275 1660 1314 receptum
1693 1279 1715 1303 a
1749 1269 1833 1303 Deo

521 1325 660 1360 reddat
703 1323 777 1359 sibi
823 1336 896 1371 pro
942 1323 1120 1372 quolibet
1166 1325 1325 1371 plenam
1370 1324 1546 1371 laudem,
1591 1324 1671 1361 sive
1714 1324 1834 1360 fuerit

521 1384 671 1418 donum
715 1381 900 1417 naturale
945 1377 1024 1417 sive
1069 1382 1386 1429 superadditum,
1440 1381 1496 1418 sic
1540 1383 1648 1430 quod
1680 1381 1834 1418 iusticia

520 1437 702 1476 consistit
733 1439 773 1475 in
806 1438 1036 1475 reddicione
1069 1438 1189 1475 debiti
1222 1441 1355 1487 quoad
1387 1441 1527 1475 Deum.
1851 1449 1892 1471 20

578 1498 761 1533 Secundo
782 1505 941 1545 oportet
973 1504 1111 1533 notare
1136 1498 1183 1533 de
1215 1505 1396 1546 ternpore
1428 1496 1581 1533 iusticie
1614 1509 1684 1545 per
1715 1498 1834 1533 inter-

520 1554 711 1591 cisionem
752 1564 998 1602 temporum:
1045 1563 1136 1591 sunt
1174 1563 1216 1591 ut
1249 1567 1403 1604 pannus
1437 1562 1672 1591 menstruate
1710 1554 1834 1603 pluri-

522 1625 631 1648 mum
667 1613 877 1658 maculate,
924 1612 979 1648 sic
1013 1614 1121 1661 quod
1154 1612 1276 1661 aliqui
1305 1609 1309 1665 1
1340 1613 1487 1649 habent
1531 1613 1619 1660 plus
1659 1614 1706 1649 de
1740 1625 1833 1649 con·
1873 1614 1955 1655 237⁸

518 1669 707 1706 tinuitate
730 1678 961 1719 temporum
985 1678 1023 1706 et
1045 1669 1170 1718 aliqui
1204 1670 1349 1716 minus,
1384 1670 1666 1718 interpolando
1699 1671 1833 1718 plures

520 1727 707 1766 iusticias.
1850 1728 1889 1761 25

576 1785 721 1822 Tercio
754 1798 847 1822 vero
880 1794 1039 1834 oportet
1077 1794 1217 1822 notare
1257 1785 1488 1823 firmitatem
1523 1785 1681 1822 habitus
1714 1798 1832 1834 quern

519 1844 642 1879 homo
675 1844 793 1880 habet
826 1845 875 1880 ad
907 1844 1147 1880 servandum
1171 1843 1369 1880 iusticiam
1401 1851 1438 1880 et
1459 1843 1639 1892 quolibet
1662 1843 1831 1880 istorum

519 1902 636 1937 trium
674 1903 885 1938 modorum
920 1910 977 1938 est
1008 1914 1111 1944 unus
1144 1901 1299 1950 reliquo
1322 1901 1484 1948 iustior;
1517 1910 1555 1938 et
1578 1901 1634 1938 sic
1651 1901 1832 1938 Christus

520 1968 577 1995 est
610 1959 812 1995 infinitum
847 1959 988 1996 iustior
1020 1959 1253 1995 humanitus
1277 1972 1396 2007 quarn
1418 1959 1559 2007 aliquis
1583 1959 1703 1996 frater
1725 1971 1831 2005 suus,

520 2029 609 2053 cum
644 2017 693 2053 sit
732 2026 811 2053 tam
854 2018 983 2065 plene,
1028 2026 1110 2053 tam
1145 2017 1334 2054 continue
1374 2026 1411 2054 et
1443 2026 1525 2053 tam
1559 2017 1673 2053 firme
1706 2016 1833 2054 iustus
1850 2023 1891 2056 30

520 2076 627 2122 quod
660 2074 700 2111 in
734 2087 780 2111 eo
814 2087 892 2111 non
922 2083 1052 2123 potest
1075 2074 1211 2123 aliquo
1234 2075 1402 2111 istorum
1429 2076 1643 2111 modorum
1667 2074 1833 2122 reperiri

521 2132 709 2171 defectus.
743 2132 920 2178 Quilibet
953 2141 1086 2169 autem
1119 2142 1300 2169 nostrum
1336 2132 1469 2169 deficit
1506 2145 1578 2180 pro
1612 2131 1743 2180 primo
1776 2132 1834 2169 in-

520 2191 641 2226 stanti
685 2190 742 2226 sui
788 2203 809 2226 a
853 2190 1085 2227 reddicione
1117 2192 1202 2227 Deo
1234 2191 1363 2227 laudis
1397 2189 1528 2227 debite
1566 2189 1764 2238 preceptis
1797 2199 1835 2227 et

521 2256 620 2295 post,
666 2249 828 2296 quando
869 2248 910 2284 fit
955 2248 1156 2296 particeps
1191 2247 1320 2285 meriti
1355 2248 1514 2296 Christi,
1552 2247 1834 2296 incorporatus

521 2305 686 2342 ecclesie
710 2307 850 2342 crebro
874 2305 1018 2342 deficit.
1054 2307 1176 2342 Aliter
1199 2315 1331 2342 autem
1356 2315 1413 2343 est
1436 2307 1558 2342 homo
1592 2305 1832 2342 indebitatus
1851 2310 1889 2343 35

522 2376 592 2411 pro
636 2372 740 2400 statu
786 2363 1021 2400 innocencie
1065 2372 1102 2400 et
1145 2364 1259 2400 aliter
1302 2377 1374 2411 pro
1414 2372 1517 2401 statu
1549 2364 1696 2411 lapsus,
1741 2375 1831 2399 cum

522 2420 652 2457 minus
697 2422 816 2458 habet
861 2422 909 2458 de
954 2420 1068 2458 donis
1113 2421 1363 2458 naturalibus
1409 2430 1446 2458 et
1479 2420 1604 2468 magis
1637 2422 1684 2457 de
1717 2420 1832 2457 donis

522 2478 791 2527 superadditis
815 2487 852 2515 et
879 2479 1045 2516 omnino
1073 2488 1231 2527 oportet
1257 2488 1489 2527 computare
1511 2481 1644 2515 Jesum
1667 2479 1831 2515 fratrem

521 2545 702 2573 nostrum
736 2538 784 2573 ad
817 2537 1091 2584 suplecionem
1124 2546 1260 2574 nostre
1291 2537 1456 2574 iusticie.
1510 2540 1591 2574 Nec
1637 2544 1832 2584 repugnat

521 2596 589 2631 sed
622 2603 817 2631 consonat
849 2596 958 2644 quod
992 2596 1041 2631 ad
1075 2596 1415 2643 complementum
1439 2593 1595 2632 iusticie
1623 2606 1832 2630 caveamus
1846 2608 1891 2638 40

522 2651 688 2689 iniurias
721 2653 854 2701 quoad
886 2652 1126 2701 proximum.

592 2815 638 2836 20.
658 2809 699 2836 z'n.
721 2808 815 2836 Cod.:
838 2811 877 2836 et.
949 2817 989 2836 21.
1005 2809 1100 2837 Cod.:
1121 2808 1158 2836 de
1177 2809 1270 2837 deest.
1344 2817 1386 2837 22.
1409 2809 1466 2836 Hic
1482 2809 1567 2836 locus
1582 2812 1746 2843 corruptus
1767 2816 1833 2835 esse

522 2842 653 2871 videtur.
726 2842 769 2871 33.
791 2843 884 2872 Cod.z
906 2844 1015 2871 laudis.
