2050 3292
192 255 273 291 440
909 250 967 281 DE
996 249 1131 281 CIVILI
1158 248 1370 281 nomino.
1583 237 1690 291 [CAP.
1710 245 1788 274 xxi.

482 357 621 403 quibus
667 358 937 392 communicat
982 357 1176 393 servando
1216 356 1388 404 undique
1426 356 1643 395 veritatem,
1692 357 1793 393 Cum

482 414 660 450 Christus
684 416 773 451 dixit
796 414 880 450 Joh.
907 416 949 460 ΙΙ,
976 426 1043 464 19:
1070 414 1214 450 Solvite
1236 415 1419 463 templum
1444 414 1515 450 lzoc
1546 421 1581 449 et
1613 414 1648 450 in
1672 414 1795 449 tribus

481 471 612 508 diebus
642 472 834 508 suscitabo
869 472 979 518 illud,
1013 473 1171 508 indubie
1205 473 1255 508 ad
1278 484 1439 508 sensum
1465 473 1517 507 eis
1542 473 1792 519 equivocum,

479 530 532 565 ita
575 530 724 566 Paulus
770 538 899 567 certus
943 530 1014 565 fuit
1058 531 1166 578 quod
1213 539 1296 566 erat
1342 531 1430 566 civis
1470 529 1633 566 ecclesie
1665 529 1795 565 future

481 589 660 624 Romane
705 596 742 624 et
780 589 888 636 quod
927 595 1044 624 natus
1082 587 1153 623 fuit
1191 589 1229 623 in
1268 589 1400 635 gracia
1444 588 1829 635 predestinacionis5

480 646 759 692 preordinatus
804 647 956 693 protegi
1000 657 1070 693 per
1104 647 1321 691 Romanos,
1367 646 1435 681 sed
1467 653 1509 680 ut
1543 646 1643 693 dicit,
1689 646 1797 692 quod

482 703 551 738 suit
585 704 674 739 civis
709 705 914 739 Romanus
946 715 1020 739 nec
1053 701 1161 751 quod
1193 711 1309 739 natus
1342 703 1413 739 fuit
1445 704 1482 738 in
1515 703 1580 739 illa
1605 702 1797 749 civilitate,

482 773 563 796 non
586 762 700 808 igitur
723 762 805 797 sine
830 761 1043 797 ministerio
1068 762 1282 797 cameravit
1306 761 1523 797 secundum
1548 761 1643 796 illud
1665 772 1798 797 scema

484 826 645 854 sanctus
679 819 885 866 apostolus
917 820 1037 855 verba
1070 831 1156 854 sua.

543 877 759 913 Redeundo
792 877 908 924 igitur
941 877 991 912 ad
1015 878 1263 924 propositum
1289 876 1551 925 relinquendo
1576 877 1658 913 aliis
1692 877 1799 924 equi-
1819 889 1858 910 10

483 936 740 970 vocacionem
775 936 994 982 signorum,
1030 947 1119 970 cum
1155 946 1196 970 ex
1232 947 1309 970 una
1342 944 1455 982 purte
1484 936 1700 982 antiquitus
1723 943 1800 970 ter-

485 994 614 1027 minus
649 994 808 1029 civitatis
843 992 915 1028 fuit
947 993 995 1028 ad
1031 994 1378 1029 circumstancium
1411 993 1566 1040 Iaycam
1595 993 1799 1038 limitatus,

484 1052 521 1085 in
550 1058 707 1086 tantum
739 1052 843 1097 quod
876 1062 998 1098 panes
1021 1052 1274 1087 sacerdotum
1306 1051 1448 1086 exclusi
1472 1060 1565 1087 sunt
1589 1063 1608 1087 a
1634 1051 1800 1098 panibus

220 1104 446 1174 ’ξξζίᾓζηζῑςῃξὲρ
485 1109 605 1153 laicis,
646 1117 687 1144 ut
725 1117 834 1156 patet
869 1110 980 1145 Rom.
1015 1109 1113 1153 XXI,
1156 1121 1198 1144 ex
1231 1109 1307 1144 alio
1345 1109 1468 1145 latere
1502 1109 1632 1145 adhuc
1667 1117 1801 1144 manet

204 1173 459 1212 exercisearule
486 1165 621 1213 religio
661 1166 803 1203 Christi
844 1167 891 1202 de
931 1167 1208 1202 dominacione
1255 1175 1292 1202 et
1337 1168 1643 1203 conversacione
1687 1165 1857 1202 licitisxfi

206 1209 461 1271 Ῥρξέἶῖἑῖξῑῇθᾟῗιῖ
485 1225 605 1271 laycis
645 1232 682 1260 et
719 1224 857 1259 illicitis
891 1224 1053 1273 clericis,
1093 1237 1137 1260 ac
1171 1225 1306 1272 tercio,
1346 1237 1437 1260 cum
1470 1237 1617 1260 nomen
1650 1226 1698 1260 sit
1729 1235 1802 1260 vox

325 1273 333 1279 ”
486 1281 745 1329 significativa
768 1282 818 1318 ad
851 1282 1056 1329 placitum,
1092 1291 1341 1330 supponatur
1374 1284 1482 1330 quod
1515 1283 1709 1319 dominari
1741 1281 1802 1317 vel

487 1340 713 1376 conversari
746 1339 909 1376 civiliter
938 1341 1041 1375 dicat
1065 1341 1320 1388 appropriate
1343 1340 1449 1376 illam
1475 1339 1801 1376 dominacionem

488 1410 533 1433 ac
573 1399 921 1434 conversacionem
963 1397 1109 1433 licitam
1149 1398 1269 1445 laycis
1308 1410 1385 1445 que
1423 1399 1461 1433 in
1507 1397 1658 1434 clericis
1702 1398 1804 1433 foret

488 1456 632 1492 illicita.
668 1456 783 1500 Quod
809 1464 943 1491 autem
967 1455 1055 1491 talis
1080 1457 1221 1491 modus
1243 1454 1398 1491 vivendi
1427 1457 1474 1492 sit
1506 1457 1662 1493 dandus
1695 1462 1805 1503 patet
1821 1468 1862 1489 20

490 1526 533 1549 ex
566 1512 746 1561 allegatis
779 1515 827 1549 XI
862 1515 975 1549 huius
1004 1514 1036 1548 V
1078 1522 1113 1549 et
1147 1525 1238 1560 sepe
1271 1514 1449 1557 inferius;
1490 1526 1561 1561 per
1593 1515 1669 1550 hoc
1702 1514 1802 1549 enim

488 1571 698 1608 solvuntur
742 1573 949 1619 scripture,
994 1579 1037 1606 ut
1072 1573 1165 1611 Luc.
1197 1572 1312 1615 XXII,
1348 1572 1419 1609 26:
1459 1573 1590 1622 Reges
1625 1571 1804 1622 gencium

490 1630 739 1665 dominantur
776 1641 923 1676 eorum,
969 1641 1035 1665 vos
1067 1637 1191 1665 autem
1222 1630 1226 1677 1
1255 1641 1327 1665 non
1359 1630 1425 1675 sic,
1466 1638 1503 1666 et
1541 1631 1646 1666 Petri
1675 1630 1721 1674 V,
1762 1639 1805 1677 3:
1856 1630 1933 1673 178³

213 1693 262 1746 [fe
280 1684 391 1746 {1232ss
407 1682 457 1744 31)ss
490 1688 621 1735 Neque
645 1687 883 1724 dominantes
906 1687 941 1722 in
966 1687 1093 1734 cleris,
1127 1696 1164 1724 et
1188 1688 1291 1723 dicta
1314 1696 1545 1723 sanctorum
1569 1688 1805 1735 negancium

230 1754 318 1780 word
339 1753 367 1780 in
389 1753 440 1779 the
490 1746 540 1781 ad
579 1746 684 1781 hunc
723 1757 884 1782 sensum
926 1745 1088 1781 clericos
1129 1758 1212 1781 esse
1251 1745 1449 1782 dominos,
1502 1747 1618 1782 Unde
1655 1745 1862 1781 videtur23

254 1787 420 1815 Decretals.
492 1803 608 1838 michi
658 1805 767 1851 quod
820 1804 1027 1839 decretiste
1072 1803 1298 1840 necessitati
1352 1812 1444 1839 sunt
1495 1804 1700 1840 intendere
1747 1803 1808 1838 isti

491 1862 701 1911 sentencie,
760 1874 849 1897 cum
904 1861 1018 1897 aliter
1069 1873 1150 1896 non
1204 1862 1508 1898 concordabunt
1566 1861 1806 1898 decretalem

491 1918 645 1955 Nicolai
678 1920 725 1955 III
760 1920 922 1955 dicentis
961 1919 1158 1954 Christum
1193 1926 1227 1954 et
1259 1919 1453 1968 apostolos
1486 1918 1603 1955 nichil
1634 1918 1810 1954 habuisse

493 1977 528 2011 in
562 1977 725 2025 proprio
766 1977 827 2013 vel
857 1977 1050 2012 communi
1088 1986 1124 2013 et
1164 1977 1496 2013 constitucionem
1525 1977 1716 2013 Johannis
1755 1977 1809 2011 di-

494 2036 615 2070 centis
649 2035 725 2071 hoc
759 2047 842 2071 esse
874 2036 1108 2081 hereticum,
1141 2043 1184 2070 ut
1217 2043 1324 2083 patet
1356 2036 1457 2070 XVII
1492 2035 1606 2071 huius
1627 2035 1673 2073 V.
1720 2035 1808 2069 Non
1825 2037 1866 2070 30

494 2094 597 2128 enim
631 2101 689 2128 est
722 2105 822 2140 opus
856 2094 1062 2129 decretiste
1095 2093 1237 2129 afferre
1269 2094 1376 2141 quod
1410 2093 1593 2129 dominus
1622 2092 1809 2128 Nicolaus

493 2150 565 2186 fuit
597 2151 838 2194 votifractor‚
872 2150 967 2187 false
1001 2150 1244 2187 cronicando
1278 2152 1384 2199 quod
1408 2150 1499 2187 fecit
1522 2150 1641 2187 frater
1665 2149 1809 2193 minor,

495 2221 586 2244 cum
620 2208 696 2244 hoc
728 2207 859 2256 primo
899 2210 1108 2256 compeciit
1142 2209 1307 2245 Nicolao
1341 2210 1388 2245 III
1429 2209 1487 2245 vel
1527 2209 1634 2257 quod
1668 2208 1809 2244 consti-

494 2267 602 2302 tucio
642 2278 714 2302 sua
750 2267 821 2303 fuit
860 2267 1032 2303 heretica
1070 2268 1265 2314 scripture
1303 2279 1414 2303 sacre
1453 2268 1672 2312 contraria;
1718 2277 1808 2301 cum

497 2325 598 2360 enim
639 2323 680 2360 in
720 2325 917 2373 equivocis
955 2337 1037 2361 non
1075 2326 1121 2360 sit
1159 2326 1441 2370 contradiccio.
1489 2337 1569 2360 non
1614 2326 1864 2372 repugnat‘35

497 2383 698 2418 Christum
744 2391 781 2418 et
826 2382 908 2418 eius
949 2382 1163 2430 discipulos
1201 2383 1319 2419 nichil
1357 2383 1540 2419 habuisse
1579 2383 1615 2418 in
1648 2381 1810 2429 proprio

496 2440 556 2475 vel
591 2439 812 2484 communi,
846 2440 988 2488 supple
1020 2441 1194 2485 civiliter,
1229 2450 1265 2476 et
1304 2449 1439 2477 tamen
1472 2440 1579 2488 quod
1614 2439 1810 2488 discipulis

496 2497 573 2533 illis
605 2504 716 2534 erant
748 2498 873 2534 omnia
907 2498 1136 2544 communia,
1170 2506 1212 2534 ut
1245 2499 1384 2534 dicitur
1405 2499 1577 2543 Act.1V‚
1608 2509 1673 2546 32,
1706 2498 1807 2532 Nam

497 2556 644 2592 habere
677 2557 783 2592 bona
817 2568 859 2592 ex
892 2556 1004 2592 titulo
1039 2555 1236 2593 civilitatis
1270 2565 1306 2592 et
1339 2568 1382 2592 ex
1406 2568 1505 2604 puro
1528 2556 1655 2603 tytulo
1678 2553 1811 2602 gracie

570 2721 612 2747 ¹4-
634 2713 720 2740 Rom.
744 2713 830 2746 XXI;
852 2712 889 2740 ita
912 2713 980 2740 cod.
1056 2711 1097 2739 35³.
1120 2712 1216 2739 Coti:
1238 2712 1366 2755 Nicolao
1388 2712 1435 2739 II'.

572 2810 622 2842 30.
655 2809 740 2840 Vide
777 2819 879 2849 supra
915 2818 992 2850 pag.
1031 2807 1106 2841 3313.
1205 2808 1256 2840 33.
1289 2807 1386 2839 Exiit
1423 2808 1481 2849 qui
1518 2807 1679 2840 seminat.
1719 2808 1808 2838 Sexti

500 2856 636 2888 Decret.
664 2856 719 2887 lib.
747 2856 786 2898 V,
814 2856 860 2887 tit.
886 2854 956 2896 XII,
990 2865 1061 2896 cap.
1089 2854 1141 2885 III.
