2050 3292
109 668 187 708 179⁸

230 210 318 239 CAP.
339 204 434 249 XXI]
705 213 839 245 LIBER
864 213 1073 246 TERTIUS.

231 319 348 364 rilem,
383 331 467 355 curn
501 318 582 355 istis
599 319 777 368 partibus
801 319 989 355 Dominus
1011 332 1082 355 non
1108 319 1296 370 dignatur
1316 318 1414 367 fieri
1439 330 1537 366 pars

230 377 319 412 eius.
365 378 414 412 Et
457 378 548 424 quia
592 378 661 412 iste
705 389 835 413 sermo
874 378 1027 413 videtur
1070 378 1191 412 durus
1231 384 1266 411 et
1298 376 1467 411 incultus
1500 377 1537 410 in

230 434 356 481 loyca,
411 447 499 470 cum
543 442 699 481 oportet
747 447 906 471 omnem
952 435 1153 470 hominem
1199 434 1345 469 habere
1390 433 1536 481 aliquid

231 499 369 528 contra
400 493 540 537 Deum,
587 493 674 527 ideo
718 492 939 540 specificavi
983 493 1130 528 dictum
1175 492 1287 526 huius
1332 492 1456 527 sancti
1489 491 1536 525 de

198 549 434 585 5habicione
482 549 597 595 civili;
651 549 740 585 licet
792 551 895 586 enim
941 550 1105 585 clericus
1156 556 1285 597 potest
1330 560 1413 584 esse
1456 560 1536 583 non

230 606 394 642 clericus
433 614 470 642 et
507 607 654 642 habere
694 619 737 642 ex
769 607 882 643 titulo
914 608 1043 654 gracie
1075 608 1210 643 omnia
1248 607 1353 642 bona
1386 606 1535 655 mundi,

229 671 363 699 tamen
425 672 620 711 repugnat
648 661 652 714 Ι
682 664 879 700 clericatui
932 665 1038 712 quod
1091 663 1160 700 illo
1205 664 1323 699 modo
1376 663 1537 710 aliquod

228 721 449 769 temporale
471 722 682 768 possideat,
712 723 804 769 quia
826 723 1045 757 secundum
1068 722 1344 768 Augustinum,
1379 722 1407 755 si
1431 721 1537 767 prius

230 778 394 815 clericus
429 791 682 815 communem
714 780 833 815 vitam
867 780 1102 824 deservierit,
1144 778 1270 814 eciam
1303 790 1467 814 manens
1498 779 1536 813 in

176 847 213 867 10
227 837 359 883 gracia
397 837 577 872 dimidius
616 837 752 872 cecidit
790 844 826 872 et
862 848 932 884 per
964 848 1214 884 consequens
1246 848 1326 872 non
1358 843 1537 871 remanet

227 902 270 929 ut
303 895 355 930 sic
388 906 487 942 pure
520 894 702 937 cle1·icus;
738 895 882 930 debent
911 895 1012 930 enim
1046 893 1175 930 clerici
1209 902 1400 941 tanquam
1436 894 1536 929 cives

228 951 391 987 celestes
415 952 599 988 habendo
622 953 960 999 supereminenter
983 953 1200 988 dominium
1225 952 1371 988 habere
1404 952 1536 986 onmia

226 1007 268 1044 in
291 1011 507 1053 communi,
540 1009 630 1045 licet
653 1017 787 1046 autem
811 1010 996 1046 dominus
1018 1022 1100 1045 non
1133 1011 1192 1056 sit,
1225 1016 1361 1045 tamen
1395 1009 1536 1044 modus

226 1066 416 1114 loquendi
460 1066 653 1115 scripture
684 1068 907 1103 verissimus
952 1075 1009 1103 est
1042 1068 1149 1115 quod
1188 1066 1251 1102 ille
1290 1067 1350 1102 cui
1383 1067 1536 1102 deserto

175 1124 362 1160 15seculo
406 1125 588 1161 dominus
632 1125 818 1172 dignatur
861 1124 997 1172 partiri
1041 1137 1113 1161 sua
1159 1125 1369 1160 carismata
1416 1124 1535 1159 habet

227 1183 442 1218 Dominum
486 1190 641 1230 partem
685 1195 799 1219 suam
843 1194 925 1219 non
969 1184 1008 1218 in
1051 1194 1122 1218 sua
1161 1183 1348 1228 essencia‚
1393 1182 1461 1217 sed
1498 1183 1536 1216 in

227 1240 475 1276 divisionibus
507 1242 742 1287 graciarum.
775 1241 888 1276 Unde
910 1240 1060 1289 quando
1084 1240 1154 1288 sni
1178 1240 1317 1286 iunior,
1348 1240 1535 1286 ignorans

228 1299 574 1345 equivocacionem
597 1300 790 1345 scripture
813 1306 850 1333 et
873 1299 1015 1334 timens
1039 1298 1255 1334 elacionem
1278 1296 1534 1344 sophisticam

227 1367 272 1390 ac
306 1355 446 1392 siciens
480 1357 807 1404 redargucionem
838 1355 1021 1391 auditorii
1047 1363 1323 1403 apparentem,
1356 1356 1533 1402 reputavi

171 1422 298 1460 20pro
345 1425 487 1460 magna
529 1415 692 1449 victoria
736 1414 933 1449 deducere
977 1415 1085 1461 quod
1129 1414 1313 1449 dominus
1353 1421 1410 1448 est
1442 1425 1534 1460 pars

227 1470 368 1516 clerici,
414 1480 450 1506 et
494 1478 628 1507 tamen
671 1471 776 1507 idem
816 1472 998 1507 dominus
1042 1483 1121 1507 non
1166 1479 1223 1506 est
1266 1482 1357 1518 pars
1390 1471 1532 1508 clerici.

1739 215 1818 252 443

1592 1471 1708 1507 W‘yclif
1726 1480 1787 1499 was

1574 1507 1621 1534 led
1642 1507 1705 1534 into
1725 1507 1799 1543 folly

225 1529 368 1564 Postea
391 1537 522 1564 autem
546 1529 708 1576 quando
736 1529 892 1565 detecta
925 1537 982 1565 est
1014 1529 1126 1576 loyca
1150 1529 1304 1573 Christi,
1337 1528 1532 1576 Apostoli,
1547 1541 1577 1568 in
1598 1541 1689 1569 vouth
1714 1541 1752 1568 bv
1772 1546 1825 1569 not

225 1586 430 1633 Augustini
475 1594 510 1622 et
554 1587 719 1622 aliorum
754 1595 996 1630 sanctorum,
1042 1587 1241 1622 humiliter
1274 1594 1311 1621 et
1343 1586 1564 1637 subtiliterd

226 1645 489 1680 asserencium
515 1645 620 1692 quod
644 1646 682 1680 in
705 1644 904 1692 equivocis
927 1657 1006 1680 non
1031 1653 1088 1680 est
1120 1645 1386 1681 conti-adiecio
1407 1644 1534 1679 stabat

170 1701 418 1738 25Jolzannes
449 1703 631 1750 confusus
663 1709 696 1737 et
728 1702 894 1752 ignarus
925 1703 1056 1748 idiota,
1096 1701 1189 1749 quid
1221 1702 1385 1737 ulterius
1419 1702 1531 1749 repli-

111 2002 172 2034 ¹79

226 1767 347 1803 caret,
380 1761 542 1807 quando
576 1761 732 1796 detecta
764 1762 1068 1808 equivocacione
1101 1761 1295 1807 scripture
1319 1760 1534 1795 deduxerat

226 1818 333 1864 quod
367 1826 657 1865 repugnaretur
688 1819 979 1859 inconveniens,
1014 1819 1080 1854 sed
1104 1818 1325 1853 verecunde
1349 1816 1533 1853 deficiens

226 1886 297 1922 pre
340 1875 568 1922 ignorancia
612 1875 701 1911 fecit
748 1875 880 1913 finem..
931 1877 1012 1911 Nec
1060 1875 1149 1911 licet
1192 1875 1247 1910 sic
1292 1876 1534 1922 respondere

227 1933 467 1969 destruendo
491 1933 641 1969 scolam
665 1934 854 1980 arguendi
876 1932 915 1968 in
939 1934 1195 1969 concedendo
1220 1933 1532 1969 contradicenda

226 1998 358 2038 preter
386 1987 388 2042 j
419 1989 531 2038 signa
570 1992 637 2026 sed
676 1992 804 2026 solum
845 1991 1004 2038 quando
1044 1990 1252 2026 sufficienti
1298 1991 1533 2026 auctoritate

227 2046 421 2095 scripture
455 2047 711 2096 equivocacio
745 2048 887 2084 tollens
921 2048 1230 2096 repugnanciam
1256 2056 1313 2083 est
1346 2048 1532 2092 fundata3

228 2113 264 2141 et
296 2104 413 2141 istum
449 2118 605 2141 sensum
642 2107 826 2153 explanat
864 2115 1022 2142 sanctus
1053 2107 1230 2142 Thomas
1269 2106 1442 2141 secunda
1475 2117 1533 2141 se-

228 2163 355 2199 cunde
395 2163 601 2211 questione
634 2164 839 2199 CLXXXV
878 2163 1045 2200 articulo
1072 2164 1105 2197 V
1144 2163 1184 2199 in
1219 2163 1296 2199 fine
1336 2174 1533 2210 exponens

228 2219 333 2256 dicta
363 2222 483 2257 verba
514 2220 705 2257 Jeronimi
739 2222 811 2257 sub
844 2220 918 2256 hiis
950 2220 1098 2258 verbis:
1126 2221 1357 2267 Dicendum,
1390 2220 1531 2268 inquit,

171 2279 210 2313 35
227 2279 328 2326 quod
362 2279 486 2314 omnis
511 2291 611 2328 pars
642 2286 697 2314 est
729 2279 856 2314 minor
880 2290 947 2315 suo
977 2286 1064 2318 toto.
1098 2279 1168 2314 Ille
1195 2279 1318 2328 igitur
1341 2290 1424 2314 cunz
1449 2279 1532 2314 Deo

226 2336 324 2371 alias
350 2344 484 2385 partes
516 2337 640 2383 habet,
673 2336 778 2373 cuius
809 2337 976 2372 studium
1011 2336 1240 2372 diminuitur
1271 2336 1376 2372 circa
1399 2348 1442 2371 eci
1465 2348 1533 2384 que

193 2402 197 2405 “
226 2401 313 2429 sunt
344 2394 430 2438 Dei,
463 2394 552 2430 dum
586 2395 744 2430 intendit
775 2394 848 2430 hiis
884 2406 954 2443 que
988 2401 1075 2430 sunt
1113 2394 1269 2438 mundi,·
1309 2393 1363 2429 sic
1406 2401 1531 2429 autent

227 2463 299 2487 non
339 2452 472 2487 debent
511 2464 577 2488 nec
615 2452 746 2488 clerici
783 2464 849 2488 nec
881 2452 1051 2501 episcopi
1074 2452 1282 2501 proprium
1318 2451 1532 2500 possidere,

297 2638 336 2665 17.
351 2631 446 2659 Cod.:
466 2631 604 2658 elacione
622 2639 656 2659 so
680 2631 803 2659 ln'stica.
877 2630 917 2659 18.
934 2631 1030 2659 Cod.:
1049 2630 1218 2659 auditor-ie.
1291 2629 1339 2658 26.
1355 2633 1531 2666 scriptura·

228 2666 380 2701 sequitur:
402 2666 514 2699 nauci,·
532 2666 604 2701 quid
626 2666 649 2693 si
676 2666 684 2693 i
704 2666 776 2694 velit
795 2667 853 2693 hoc
872 2667 1001 2694 verbum
1021 2666 1103 2693 haud
1124 2669 1260 2701 apparet.

321 2750 374 2783 23.
400 2749 576 2781 Johannes
602 2760 648 2781 sc.
667 2750 807 2793 Wyclif.
897 2751 950 2784 32.
976 2750 1053 2783 Non
1080 2755 1130 2782 est
1155 2749 1318 2782 articulus
1340 2750 1372 2782 V
1397 2750 1457 2782 sed
1475 2750 1531 2782 VI.

229 2796 316 2827 Vide
344 2796 435 2839 Opp.
462 2803 547 2828 tom.
573 2797 612 2839 X,
639 2806 715 2838 pag.
739 2795 818 2837 480.

1580 1572 1793 1610 khowing'the

1570 1611 1659 1637 ouble
1684 1618 1773 1637 sense
1792 1610 1827 1637 of

1601 1645 1770 1680 Scripture.
