2050 3292
225 218 313 245 CAP.
334 209 464 262 xxiv]
692 220 825 252 LIBER
851 220 1059 252 TERTIUS.

225 327 431 362 moderata
464 325 503 361 in
536 325 818 373 procreacione
843 325 1129 362 matrimoniali
1162 326 1267 361 ultra
1300 338 1419 373 quarn
1454 326 1526 361 fuit

223 383 262 419 in
306 392 411 419 statu
455 382 684 419 innocencie
727 390 890 430 propter
921 383 1075 430 lapsam
1117 381 1350 420 discrasiam
1384 391 1526 419 nature

222 441 343 488 lapse.
377 441 524 487 Posset,
557 440 687 488 inquit
708 440 967 488 Augustinus,
995 441 1167 489 primum
1193 441 1330 489 putari
1349 453 1422 477 non
1445 453 1526 477 esse

218 506 417 547 peccatum
461 499 534 534 nisi
562 498 769 547 Apostolus
801 498 1033 543 addidisset;
1076 498 1146 534 hoc
1189 506 1313 534 autem
1353 498 1437 534 dico
1467 510 1525 534 se-

190 557 385 592 5cundum
431 556 578 591 veniam
623 568 695 592 non
738 556 945 592 secundum
990 556 1206 604 imperium.
1258 556 1354 600 Quis
1398 563 1523 592 autem

221 621 335 664 neget
365 626 476 650 omne
499 621 712 662 peccatum,
758 625 841 649 cum
876 613 966 649 dari
995 613 1142 649 veniam
1170 613 1406 661 facientibus
1437 626 1525 662 apo-

1733 223 1810 262 537

219 671 353 707 stolica
385 671 596 707 auctoritas
617 671 809 719 fateatur.
861 671 908 706 Et
953 679 1061 718 patet
1105 672 1325 706 secundum
1366 679 1525 707 sanctos
1543 667 1633 703 Many
1655 668 1805 695 sinsthat

1584 711 1634 729 arc
1655 703 1762 737 tightly

221 727 416 777 quotlibet
458 737 623 776 peccata
667 741 749 764 esse
783 728 970 765 mortalia
1002 741 1078 776 que
1111 736 1345 775 reputantur
1376 730 1524 766 nedum
1550 737 1681 772 thought
1701 739 1732 764 ot
1753 745 1802 763 are

219 785 389 822 venialia
421 788 491 822 sed
525 797 646 833 opera
681 786 896 832 meritoria,
931 795 973 822 ut
1007 787 1168 834 quando
1192 785 1359 823 clericus
1382 786 1526 834 repetit

167 843 259 880 xoin
291 844 377 880 foro
409 843 666 880 contencioso
700 845 804 879 bona
836 856 908 880 sua
940 844 999 879 vel
1036 843 1130 879 facit
1168 843 1383 891 quicquam
1418 843 1525 880 aliud

220 910 359 937 contra
392 900 536 938 Christi
582 900 743 937 consilia
791 914 834 938 ex
878 900 1050 937 sciencia
1094 901 1324 946 deliberata,
1368 901 1524 938 videtur

219 958 338 995 michi
381 959 488 1006 quod
533 967 670 1006 peccat
715 959 948 1003 mortaliter,
994 971 1129 1006 ymmo
1169 967 1525 1007 quantumcunque

101 1019 180 1052 r218b
217 1015 424 1052 venialiter
472 1016 707 1063 peccaverit,
754 1016 785 1052 si
814 1012 818 1068 Ι
847 1028 967 1064 super
1010 1016 1106 1052 illud
1146 1024 1354 1064 peccatum
1389 1024 1522 1053 actum

219 1073 494 1121 complacendi
528 1073 562 1109 ei
594 1073 804 1120 addiderit,
844 1074 999 1110 videtur
1031 1074 1173 1110 iterum
1215 1086 1381 1122 peccare
1421 1087 1524 1110 mor-

165 1131 362 1181 15taIiter,
395 1131 489 1180 quia
521 1139 773 1179 contemptus
807 1131 1041 1179 displicendi
1075 1133 1122 1167 de
1162 1141 1327 1179 peccato
1360 1141 1397 1168 et
1430 1144 1523 1180 gau-

217 1189 334 1225 dendi
379 1190 426 1225 de
471 1188 684 1225 commisso
717 1197 774 1226 est
805 1190 952 1225 nedum
987 1189 1116 1237 culpa,
1169 1190 1253 1226 Ieve
1299 1198 1523 1237 peccatum,

216 1246 378 1293 offensa,
423 1245 702 1283 inobediencia
735 1255 771 1282 et
804 1254 947 1292 cetera,
993 1259 1070 1295 que
1105 1255 1272 1294 possunt
1311 1259 1396 1284 esse
1427 1259 1524 1295 pure

215 1303 398 1351 venialia,
433 1306 501 1340 sed
533 1303 817 1352 prevaricacio,
851 1304 1009 1352 gravius
1042 1304 1205 1352 crimen,
1246 1314 1283 1341 et
1315 1313 1521 1352 peccatum

215 1363 364 1409 grande
408 1374 486 1409 que
530 1363 714 1398 doctores
746 1371 888 1398 vocant
934 1361 1167 1399 mortaliter.
1221 1364 1267 1398 Et
1311 1362 1366 1399 sie
1398 1362 1522 1399 terci0

160 1434 200 1455 20
216 1421 539 1468 quandocunque
572 1428 841 1456 remurmurat
874 1420 1064 1462 in2,Deum
1098 1433 1170 1467 pro
1204 1428 1346 1456 eventu
1374 1420 1521 1468 aliquo,

216 1476 369 1513 videtur
402 1489 568 1525 peccare
601 1477 834 1524 mortaliter,
869 1477 975 1514 iuxta
1007 1477 1106 1513 illud
1122 1479 1306 1517 Proverb,
1334 1479 1413 1524 XII,
1449 1490 1519 1515 21:

213 1535 344 1571 Justus
366 1547 439 1570 non
463 1535 755 1571 conturbabitur
774 1536 950 1584 quicquid
972 1543 1007 1571 et
1028 1536 1225 1573 acciderit.
1261 1536 1386 1573 Debet
1414 1535 1518 1572 enim

214 1594 432 1629 secundum
467 1592 612 1630 Christi
658 1592 867 1629 consilium
914 1594 1187 1641 conplacendo
1232 1595 1280 1629 de
1316 1594 1520 1630 voluntate

215 1649 287 1686 Dei
321 1659 471 1686 vertere
505 1658 688 1687 eventum
724 1650 762 1686 in
797 1652 960 1696 bonum,
1007 1652 1178 1687 dolendo
1212 1652 1259 1688 de
1292 1660 1460 1699 peccato
1499 1664 1520 1687 a

158 1712 197 1745 25
214 1720 292 1755 quo
325 1706 494 1744 scienter
527 1708 671 1745 deficit.
725 1710 806 1744 Nec
837 1709 940 1745 valet
980 1708 1112 1745 dicere
1144 1711 1252 1757 quod
1289 1721 1408 1746 nemo
1440 1709 1522 1745 vult

213 1777 392 1813 peccare,
445 1765 538 1814 quia
589 1775 682 1801 tunc
735 1765 1024 1814 inpertinenter
1069 1766 1293 1814 preciperet
1341 1766 1520 1804 Christus

210 1823 297 1860 Joh.
320 1824 417 1868 VIII,
448 1835 489 1860 11
528 1824 726 1861 adultere:
767 1824 870 1859 Vade
901 1831 935 1860 et
966 1824 1132 1873 amplius
1164 1824 1243 1861 noli
1265 1836 1444 1875 peccare,
1484 1833 1521 1860 et

213 1880 370 1917 Psalmo
403 1882 448 1924 X,
482 1880 526 1918 6:
567 1881 644 1925 Qui
663 1888 788 1917 autem
814 1882 942 1931 diligit
970 1882 1216 1930 iniquitatem,
1250 1882 1331 1919 odit
1352 1882 1518 1918 animam

211 1950 333 1974 suam.
367 1939 701 1986 Quandocumque
735 1938 837 1975 enim
863 1939 950 1987 quis
985 1938 1171 1976 distinete
1193 1939 1267 1976 scit
1289 1952 1330 1976 se
1354 1952 1520 1988 peccare

156 2002 196 2033 30
213 2004 249 2031 et
282 2008 372 2032 cum
407 1997 482 2032 hoc
528 2008 571 2032 ex
617 1996 911 2033 deliberacione
956 1996 1166 2034 continuat
1213 1997 1296 2033 vult
1334 2009 1519 2046 peccare;

210 2053 366 2089 videtur
410 2053 535 2090 eciam
570 2055 678 2101 quod
712 2062 1068 2103 quantumcunque
1100 2055 1174 2091 levi
1214 2055 1400 2103 passione
1432 2053 1519 2104 quis

211 2109 544 2147 irracionabiliter
576 2111 760 2148 irascitur
791 2111 905 2148 fratri
939 2125 1009 2149 suo
1039 2121 1179 2160 peccat
1202 2112 1436 2149 mortaliter.
1472 2114 1520 2148 Et

211 2170 420 2215 probatur:
444 2170 545 2205 Nam
562 2169 651 2204 talis
673 2177 729 2205 est
747 2169 946 2218 appetitus
960 2169 1134 2206 vindicte
1152 2183 1243 2207 cum
1262 2169 1520 2218 displicencia

212 2238 348 2263 cursus
394 2238 510 2274 quem
558 2228 662 2263 Deus
706 2226 890 2264 instituit.
944 2228 1020 2264 Sed
1064 2227 1171 2264 iuxta
1221 2226 1517 2265 conclusionem

155 2287 194 2320 35
211 2284 433 2331 proximam
467 2283 593 2320 iustus
624 2297 706 2320 non
728 2284 783 2321 sic
806 2284 1064 2322 contristatur
1100 2285 1291 2334 quicquid
1315 2285 1518 2332 acciderit,

95 2343 173 2376 218c
212 2353 304 2388 ergo
348 2353 421 2377 nec
466 2341 833 2386 irracionabiliter!
862 2342 1048 2379 irascitur
1090 2356 1163 2391 pro
1196 2351 1351 2380 eventu.
1406 2344 1519 2380 Unde

190 2398 750 2446 'Augustinus'Enchiridion
781 2401 879 2436 LXII
912 2408 999 2436 sunt
1030 2401 1191 2449 quedam
1225 2413 1295 2449 que
1327 2400 1518 2437 levissima

205 2463 441 2504 putarentur
485 2456 558 2492 nisi
599 2456 634 2491 in
678 2457 882 2506 scripturis
936 2459 1297 2494 demonstrarentur
1348 2458 1520 2507 opinione

209 2514 411 2563 graviora.
442 2514 536 2557 Quis
559 2514 655 2549 enim
681 2515 964 2563 dicentifratri
982 2528 1050 2552 suo
1073 2516 1197 2551 Fatue
1219 2528 1325 2552 reum
1347 2516 1520 2566 gehenne

280 2690 299 2708 ι.
318 2679 395 2717 fuit.
417 2681 513 2709 Cod.:
533 2681 616 2717 fuis.
697 2683 737 2710 18.
759 2683 888 2718 gravius
899 2693 910 2716 ;
930 2684 997 2710 cod.
1018 2684 1151 2711 suavius.

281 2764 333 2796 28.
360 2765 486 2796 Psalm.
510 2766 684 2798 LXXVIII.
782 2768 834 2807 37.
861 2767 982 2799 Recte:
1009 2766 1232 2798 Enchiridion
1252 2767 1399 2809 LXXIX,
1428 2768 1517 2809 Opp.

210 2817 294 2841 torn.
314 2811 370 2852 VI,
397 2821 473 2852 pag.
503 2821 578 2853 227.

1610 772 1730 799 mortal.

1613 1370 1694 1398 Such
1716 1370 1741 1396 is

1556 1406 1752 1439 murmuriug
1773 1409 1800 1431 at

1625 1440 1723 1466 God's

1583 1474 1762 1501 ordinance.
