2050 3292
217 255 300 292 400

222 1651 271 1678 No
282 1650 494 1685 dispensation

222 1694 277 1713 can
300 1686 405 1721 justify
426 1685 495 1712 civil

268 1720 386 1748 sule-of
403 1720 453 1747 the

301 1756 414 1790 clei-gy.

321 2288 400 2316 How

240 2323 285 2351 St.
307 2323 482 2358 Augustine

290 2359 344 2385 has
366 2360 439 2385 been

239 2393 499 2427 misinterpreted.

926 248 984 282 DE
1013 250 1148 282 ctvust
1176 250 1387 282 DOMINio.
1601 237 1707 293 [CAP.
1734 246 1817 274 XIx.

508 365 649 393 uantur
681 370 829 402 eorum,
865 370 931 393 vos
965 365 1090 392 autem
1126 369 1203 393 nonv
1230 356 1283 392 sic
1310 358 1401 392 Luc.
1426 357 1541 401 XXII,
1568 357 1640 403 263
1676 369 1718 392 ex
1741 369 1821 404 quo

508 423 700 464 ceperunt
732 424 769 451 et
802 416 877 451 due
922 415 1138 462 columpne
1183 414 1348 450 ecclesie
1394 415 1501 450 dicta
1545 426 1633 450 sua:
1682 416 1822 450 Petrus

508 476 519 509 I
558 474 663 510 Petri
695 475 741 519 V,
781 486 824 522 3:
872 473 1003 521 Neque
1048 472 1288 508 dominantes
1332 472 1367 507 in
1412 472 1540 516 cleris,
1594 480 1630 507 et
1677 473 1822 508 Paulus

508 532 683 570 IThim.
715 532 778 577 VI,
827 532 869 568 8:
916 531 1112 566 Habentes
1157 531 1338 566 alimenta
1384 537 1419 565 et
1462 530 1596 579 quibus
1640 537 1825 579 tegamur

508 590 579 625 hiis
611 589 778 626 contenti
809 590 929 625 simus
953 601 1043 625 curn
1077 588 1273 636 quotlibet
1296 587 1492 624 similibus
1526 587 1747 635 scripturis,
1781 591 1857 623 ut5

508 656 617 695 patet
651 647 854 696 superius;
888 647 969 683 vita
1002 655 1137 683 autem
1163 645 1311 682 Christi
1335 654 1372 682 et
1395 645 1475 681 vita
1509 645 1821 682 christianorum

508 714 598 753 post
632 705 861 742 missionem
887 704 1060 753 Spiritus
1085 704 1221 740 Sancti
1256 703 1499 740 confirmant
1533 705 1701 740 eandem
1736 716 1823 740 sen—

507 763 693 810 tenciam,
736 776 812 811 que
846 763 923 799 duo
959 764 1172 799 movebant
1217 761 1341 798 tercio
1387 763 1524 797 beatos
1558 762 1822 808 Clementem,

509 821 792 870 Augustinum,
850 821 1127 863 Benedictum‚
1174 819 1435 856 Dominicum
1483 828 1520 855 et
1564 819 1821 856 Franciscurn

509 892 598 916 cum
636 879 717 916 suis
750 879 897 915 sanctis
931 878 1137 926 discipulis
1172 891 1244 926 pro
1278 890 1415 915 amore
1450 877 1594 913 Christi
1635 877 1822 915 dicentis:
1846 893 1884 912 ιο

509 950 581 974 non
615 946 669 974 est
702 938 913 987 discipulus
956 949 1076 985 supra
1121 936 1357 986 magistrum
1402 935 1534 972 taliter
1579 935 1824 982 conversari3

511 1005 547 1031 et
581 995 791 1031 deficiente
814 995 883 1032 illa
916 994 1121 1031 sentencia
1144 995 1274 1030 forent
1306 993 1371 1030 isti
1404 993 1633 1041 patriarche
1666 993 1825 1041 religio-

511 1066 605 1089 num
641 1062 678 1089 et
711 1065 851 1090 omnes
886 1065 1025 1089 eorum
1059 1051 1247 1099 discipuli
1283 1051 1595 1088 miserabiliores
1640 1051 1826 1088 omnibus

510 1111 752 1155 hominibus,
777 1111 871 1160 quia
896 1111 1126 1147 deficientes
1149 1110 1188 1146 in
1213 1110 1304 1146 fidei
1328 1110 1613 1154 fundament03
1647 1118 1685 1145 et
1709 1122 1828 1157 super

510 1169 586 1206 isto
618 1169 766 1217 triplici
799 1169 980 1206 funiculo
1013 1169 1234 1205 fundantur
1267 1167 1466 1216 quotlibet
1498 1168 1604 1216 leges
1638 1169 1826 1204 docentes
1848 1171 1883 1203 15

510 1227 691 1273 clericos,
743 1227 945 1263 ministros
992 1240 1037 1263 ac
1071 1227 1370 1274 dispensatores
1415 1227 1613 1262 bonorum
1662 1226 1827 1262 ecclesie

510 1298 590 1321 non
624 1285 824 1328 dominos,
859 1287 909 1322 ad
942 1297 1061 1333 quem
1096 1297 1254 1321 sensum
1290 1285 1337 1320 de
1367 1280 1370 1335 1
1401 1284 1557 1320 cretalis
1591 1283 1745 1320 Nicolai
1779 1286 1826 1320 ΙΙΙ
1877 1286 1955 1319 1610

511 1343 608 1379 dicit
643 1343 845 1380 Christum
880 1356 925 1380 ac
958 1344 1166 1390 apostolos
1200 1342 1321 1378 nichil
1367 1342 1553 1378 habuisse
1587 1341 1627 1377 in
1660 1343 1826 1390 proprio

510 1402 568 1437 vel
616 1401 835 1446 communi,
890 1413 1008 1450 quem
1066 1402 1230 1437 modum
1285 1400 1460 1436 habendi
1500 1412 1545 1436 ac
1590 1399 1827 1436 dominandi

511 1459 665 1496 clericis
718 1459 864 1495 nostris
917 1458 1164 1507 prohibitum
1219 1458 1377 1494 videtur
1429 1457 1551 1494 michi
1597 1470 1685 1494 curn
1740 1458 1827 1494 aliis
1845 1473 1887 1494 20

512 1517 741 1554 doctoribus
775 1517 999 1565 specificari
1033 1518 1083 1554 ad
1118 1518 1283 1553 modum
1318 1516 1490 1552 habendi
1523 1529 1567 1552 ac
1593 1516 1827 1552 dominandi

514 1575 683 1614 civilem.

571 1635 636 1669 Ille
682 1633 787 1669 enim
835 1635 976 1670 modus
1021 1632 1195 1669 habendi
1240 1633 1340 1669 foret
1379 1645 1401 1669 a
1440 1640 1545 1669 statu
1590 1631 1827 1668 innocencie
1865 1637 1887 1667 S

514 1691 742 1728 exorbitans
774 1691 928 1728 clericis
961 1704 1042 1727 non
1077 1691 1208 1726 minus
1238 1690 1464 1738 superfluus
1487 1703 1608 1738 quam
1634 1702 1827 1726 onerosus

514 1759 551 1785 et
595 1762 665 1797 per
711 1761 962 1797 consequens
1009 1761 1052 1785 ex
1086 1749 1229 1785 timore
1274 1760 1375 1796 pene
1421 1748 1699 1784 inobediencie
1744 1757 1825 1784 tam
1845 1753 1884 1784 25

513 1808 587 1855 legi
620 1817 764 1844 nature
797 1820 917 1856 quam
954 1807 1181 1855 evangelice
1215 1807 1445 1854 fugiendus3
1491 1818 1564 1842 nec
1611 1806 1716 1842 cadit
1749 1807 1827 1842 dis-

514 1865 703 1913 pensacio
736 1865 816 1902 sive
850 1865 1058 1901 revocacio
1091 1877 1211 1913 super
1235 1864 1311 1901 isto
1336 1866 1471 1912 quoad
1495 1864 1685 1900 clericum
1719 1876 1828 1900 secu-

512 1924 636 1960 larem
673 1937 762 1960 cum
798 1937 879 1960 non
902 1923 1028 1959 subsit
1057 1923 1187 1967 racio;
1221 1935 1293 1959 nec
1317 1922 1466 1958 mediat
1498 1922 1596 1958 illud
1620 1922 1828 1970 Augustini

513 1984 707 2018 Sermone
741 1982 771 2018 II
804 1985 861 2018 De
890 1981 981 2018 Vita
1015 1989 1052 2017 et
1083 1980 1262 2017 Moribus
1296 1980 1545 2017 Clericorum
1580 1980 1753 2028 positum
1788 1980 1828 2015 in

516 2039 686 2076 decretis
720 2041 800 2085 XII,
835 2039 1046 2088 questione
1080 2041 1107 2078 I.
1147 2039 1271 2076 Certe.
1311 2039 1437 2084 Certe,
1472 2038 1615 2088 inquit,
1649 2051 1722 2089 ego
1744 2044 1887 2075 sum30

514 2098 578 2146 qui
607 2105 820 2134 statueram
867 2097 1012 2133 nullum
1047 2097 1234 2133 ordinare
1267 2097 1449 2132 clericum
1484 2097 1557 2132 nisi
1587 2097 1651 2144 qui
1681 2109 1827 2132 mecum

514 2156 627 2191 wellet
667 2168 823 2191 manere
867 2163 931 2191 aut
963 2155 997 2191 si
1029 2156 1141 2191 vellet
1173 2168 1194 2190 a
1223 2155 1426 2204 proposito
1472 2155 1682 2197 discedere,
1729 2161 1830 2190 recte

514 2214 572 2249 illi
603 2214 778 2250 tollerem
813 2214 1052 2250 clericatum.
1085 2213 1188 2249 Ecce
1220 2213 1255 2248 in
1288 2220 1493 2261 conspectu
1527 2212 1603 2248 Dei
1634 2220 1668 2248 et
1701 2220 1829 2248 vestro

517 2272 626 2308 mitto
659 2272 872 2308 consilium.
907 2274 961 2307 Ex
985 2284 1064 2319 quo
1099 2271 1205 2307 dicto
1238 2270 1363 2307 videri
1396 2278 1527 2318 potest
1558 2270 1827 2318 Augustinum

516 2341 702 2366 revocare
736 2331 844 2377 quod
877 2329 1062 2365 illicitum
1114 2338 1171 2365 est
1205 2340 1304 2377 pure
1339 2328 1493 2364 clericis
1534 2340 1616 2364 esse
1649 2327 1829 2376 proprie·
1847 2331 1886 2364 35

515 2387 608 2423 tarii
641 2387 795 2432 civiles3
842 2396 877 2423 et
920 2387 1023 2423 inter
1067 2399 1206 2423 omnes
1251 2386 1438 2423 cecitates
1483 2387 1694 2423 doctorum
1734 2384 1830 2421 iuris

516 2445 701 2482 canonici
724 2446 796 2482 hec
820 2454 877 2481 est
901 2444 1148 2489 stultissima,
1184 2457 1273 2481 cum
1299 2453 1426 2480 textus
1449 2443 1660 2492 Augustini
1684 2443 1830 2479 limitat

516 2505 624 2552 quod
658 2503 731 2539 fuit
763 2503 861 2539 illud
885 2502 1114 2548 consilium,
1149 2504 1258 2551 quod
1281 2502 1337 2539 sic
1361 2502 1512 2548 mittat3
1547 2514 1639 2538 nam
1669 2510 1830 2538 sanctus

516 2561 730 2609 episcopus
763 2560 911 2608 statuit,
947 2574 996 2597 ne
1029 2560 1235 2597 ordinaret
1268 2561 1421 2609 aliquos
1454 2560 1495 2596 in
1529 2560 1693 2596 clericos
1722 2556 1726 2613 Ι
1755 2559 1829 2596 nisi
1876 2562 1953 2594 161*

584 2719 609 2746 S.
630 2719 713 2751 duo;
733 2719 819 2746 cod.:
841 2726 874 2746 20
899 2729 927 2743 ε
949 2718 1093 2746 secundo.
1180 2726 1220 2745 10.
1244 2718 1338 2745 (jod.:
1361 2718 1504 2745 dicentes.
1589 2716 1629 2744 31.
1651 2717 1746 2745 Cod.:
1766 2720 1831 2744 sta-

516 2758 606 2780 ΗίαΠΖ.

592 2824 640 2845 11.
656 2813 775 2846 Matth.
791 2814 830 2858 X,
849 2823 901 2854 24.
966 2823 1013 2855 17.
1030 2814 1134 2846 Exiit
1150 2814 1208 2863 qui
1222 2814 1388 2845 seminat.
1408 2813 1501 2844 Sexti
1516 2813 1653 2845 Decreti
1669 2814 1709 2852 V,
1734 2822 1784 2854 12,
1800 2821 1830 2853 3.

518 2867 571 2899 30.
599 2860 681 2901 Cap.
708 2860 826 2892 XVIII.
