2050 3292
212 214 300 241 CAP.
322 204 451 258 xxm]
681 216 815 246 LIBER
840 215 1049 246 TERTIUS.

212 322 362 359 omnino
393 322 442 358 sit
471 332 600 358 sermo
633 327 759 356 vester
796 327 863 364 est,
896 327 964 366 est,
1004 332 1089 365 non,
1130 331 1226 364 non‚·
1266 320 1367 367 quod
1399 319 1515 354 abun-

212 380 369 416 dancius
412 385 479 422 est,
522 391 544 414 a
588 378 690 413 malo
736 385 800 415 est.
852 378 950 413 Cum
990 385 1120 413 autem
1154 385 1288 412 votum
1329 375 1378 412 sit
1411 376 1515 411 iura-

212 445 390 473 mentum
439 436 499 472 vel
550 434 681 483 ipsum
734 434 1023 479 concomitans,
1069 434 1225 470 videtur
1277 434 1384 481 quod
1437 445 1515 468 non

211 502 369 542 oportet
393 492 653 530 christianum
677 504 818 528 vovere
843 493 891 528 ad
915 491 1216 527 observanciam
1240 491 1337 538 legis
1353 489 1514 534 Christi,

179 555 347 599 §ymmo
379 551 592 587 statuendo
625 561 745 597 penes
776 561 817 585 se
849 550 899 585 ad
932 548 1014 585 eius
1047 549 1345 585 observanciam
1383 556 1419 583 et
1443 547 1515 583 im-

211 610 321 656 plens
344 616 533 644 statutum
559 608 634 643 hoc
656 606 749 643 facit
771 606 947 651 liberius,
973 605 1128 643 dicente
1150 607 1266 642 beato
1283 606 1515 641 Bernhardo

210 666 251 702 in
283 668 339 702 De
375 663 688 712 Dispensacione
727 672 764 699 et
801 665 993 711 Precepto
1026 664 1109 699 VIII
1143 663 1338 711 capitu103
1384 663 1515 707 bonus,

210 722 353 772 inquit,
399 722 613 758 obediencie
642 722 796 772 gradus
840 729 907 765 est,
953 720 987 756 si
1029 721 1136 756 iuxta
1182 721 1365 771 magistri
1395 720 1518 755 nostri

209 780 437 817 sentenciam
478 787 644 829 propter
674 786 816 814 metum
849 779 1005 813 iehenne
1041 790 1106 814 seu
1139 786 1307 827 propter
1342 784 1513 813 sanctum

158 851 194 872 10
205 838 488 887 professionem
512 837 841 886 quamprofessus
864 843 918 872 est
939 836 1125 884 quispiam
1143 835 1340 881 obedierit,
1364 834 1513 880 melior,

210 908 294 931 cum
326 907 377 931 ex
409 893 488 931 Dei
516 906 649 930 amore
680 893 875 937 obeditur,-
918 893 984 928 illa
1029 894 1166 941 quippe
1202 892 1419 929 obediencia
1452 904 1514 927 ne-

210 952 410 999 cessitatis,
443 953 515 988 ista
537 951 711 988 caritatis
733 958 799 988 est.
833 951 944 986 Illum
971 960 1102 986 autem
1127 950 1324 998 optimum
1349 949 1513 986 dixerim

211 1009 443 1047 obediencie
475 1010 656 1057 gradum,
698 1021 787 1044 cum
821 1020 866 1044 eo
899 1007 1066 1044 omnino
1099 1020 1199 1056 opus
1232 1007 1422 1043 invictum
1457 1020 1515 1043 re-

210 1068 362 1116 peritur
407 1079 485 1116 quo
530 1075 568 1103 et
617 1065 837 1114 precipitur
880 1078 926 1101 ac
976 1065 1180 1113 impletur.
1249 1066 1349 1102 Cum
1394 1064 1515 1112 igitur

157 1125 390 1163 15Christus
423 1127 529 1161 Deus
572 1133 708 1161 noster
752 1122 982 1159 intencione
1014 1123 1167 1171 optima
1200 1122 1378 1170 precepit
1410 1123 1513 1158 salu-

209 1183 396 1228 berrima,
442 1182 600 1219 videtur
631 1182 738 1229 quod
783 1180 905 1216 libere
937 1181 1100 1217 obedire
1132 1180 1292 1217 Christo
1324 1193 1424 1228 pura
1457 1179 1515 1215 in-

208 1241 391 1278 tencione
423 1240 497 1276 sibi
528 1239 712 1288 placendi
746 1240 791 1275 sit
822 1238 1055 1274 obediencia
1087 1237 1389 1286 perfectissima.
1423 1238 1515 1273 Ideo

90 1298 171 1332 206b
209 1311 301 1347 sepe
332 1310 374 1335 re
391 1294 394 1351 Ι
413 1297 508 1334 citat
529 1297 797 1346 Bernhardus,
823 1308 913 1332 curn
937 1305 1125 1344 precepta
1146 1295 1308 1332 maioris
1342 1295 1513 1331 auctori-

208 1356 301 1393 tatis
334 1365 371 1392 et
402 1354 587 1392 utilitatis
619 1353 855 1402 diligencius
887 1362 980 1390 sunt
1008 1355 1271 1397 observanda,
1304 1354 1413 1402 quod
1436 1365 1515 1389 non

154 1425 195 1446 20
211 1422 268 1451 est
290 1413 558 1450 obediendum
583 1412 735 1448 homini
760 1411 834 1447 nisi
859 1412 906 1448 de
929 1420 1079 1460 quanto
1102 1412 1212 1460 prius
1245 1410 1513 1447 obediendum

211 1480 268 1509 est
300 1470 459 1508 Christo
503 1471 579 1506 hoc
623 1469 727 1506 idem
763 1468 999 1517 precipienti
1038 1471 1145 1517 quod
1185 1470 1326 1515 homo;
1370 1467 1517 1504 sufficit

211 1529 331 1578 igitur
361 1540 519 1565 servare
550 1535 685 1564 votum
720 1526 852 1575 sepius
886 1527 1034 1563 factum
1070 1527 1244 1565 Christo.

153 1588 175 1618 S
271 1586 542 1624 Confirmatur
580 1597 625 1622 ex
656 1586 745 1635 hoc,
782 1586 890 1633 quod
928 1586 1066 1623 Matth.
1098 1586 1197 1636 XIX,
1226 1595 1287 1630 11,
1318 1595 1378 1633 12,
1411 1592 1517 1631 post-

215 1658 336 1693 quam
360 1645 542 1681 hortatus
566 1652 622 1679 est
645 1644 695 1680 ad
714 1642 936 1679 castitatem
963 1651 1127 1690 propter
1148 1655 1315 1690 regnum
1340 1642 1516 1678 celorum

160 1703 200 1735 25
217 1703 370 1740 subdit:
404 1714 476 1737 non
504 1712 634 1737 omnes
655 1700 809 1750 capiunt
831 1701 988 1736 verbum
1011 1700 1114 1736 istud
1140 1701 1210 1737 sed
1229 1700 1363 1750 quibus
1386 1700 1515 1736 clatum

220 1768 296 1805 est;
327 1769 366 1796 et
387 1758 585 1808 sequitur:
619 1759 715 1794 Sunt
735 1758 898 1794 eunuchi
917 1758 980 1806 qui
1000 1765 1271 1794 castraverunt
1290 1770 1330 1794 se
1355 1765 1519 1806 propter

211 1831 376 1868 regnum
409 1818 601 1864 celorum3
634 1816 698 1865 qui
723 1823 850 1865 potest
880 1828 1019 1864 capere
1050 1816 1176 1865 capiat

268 1878 322 1912 Ex
354 1875 499 1924 quibus
530 1873 659 1911 verbis
690 1873 858 1919 videtur,
892 1875 999 1922 quod
1033 1887 1112 1909 non
1141 1882 1277 1909 votum
1311 1874 1516 1918 suadetur,

210 1934 279 1970 sed
310 1931 571 1969 observancia
604 1931 807 1969 castitatis.

154 1993 195 2025 30
267 1993 380 2037 Item,
412 1991 441 2027 si
472 2001 613 2027 vovere
651 1988 853 2038 preposito
885 1988 935 2025 sit
968 1988 1217 2025 meritorium
1254 1997 1291 2024 et
1323 2000 1392 2036 per
1424 2001 1514 2024 con-

209 2061 378 2097 sequens
392 2060 534 2084 vovere
550 2050 648 2093 Deo,
671 2046 774 2084 sicut
796 2046 1002 2083 christiani
1025 2045 1176 2082 faciunt
1199 2046 1239 2082 in
1257 2045 1514 2082 oracionibus

210 2116 247 2143 et
278 2105 478 2154 baptismo
501 2134 509 2142 .
532 2135 538 2142 .
559 2135 568 2144 .
588 2135 597 2144 .
619 2106 725 2154 quod
758 2113 893 2141 votum
927 2104 1012 2141 sine
1043 2104 1286 2141 fundacione
1318 2103 1513 2151 scripture

211 2164 439 2201 humanitus
462 2164 749 2199 introductum.
774 2162 814 2199 Si
837 2161 957 2210 igitur
978 2174 1119 2198 vovere
1141 2162 1274 2198 taliter
1287 2162 1389 2197 foret
1404 2170 1513 2197 tante

210 2221 484 2270 perfeccionis‚
517 2220 662 2257 iterum
694 2232 836 2257 vovere
869 2220 970 2256 foret
1001 2219 1145 2256 iterum
1179 2228 1288 2256 tante
1322 2229 1359 2256 et
1390 2219 1445 2255 sic
1473 2218 1512 2254 in

155 2279 434 2326 35infinitum;
468 2287 505 2315 et
537 2278 594 2315 sic
626 2277 833 2325 religiosus
848 2286 1007 2314 voveret
1038 2277 1079 2313 in
1098 2277 1180 2313 dies
1213 2278 1262 2314 ad
1285 2278 1511 2324 augendum

212 2337 413 2375 meritum.
467 2336 506 2373 Si
547 2335 653 2372 enim
692 2335 823 2383 ipsum
862 2335 1036 2383 primum
1068 2344 1206 2372 votum
1245 2335 1346 2371 foret
1378 2347 1514 2382 super-

185 2422 189 2425 -
212 2395 351 2438 fluum,
375 2403 469 2430 tunc
493 2392 719 2430 evidencius
737 2401 826 2441 post
840 2402 975 2430 votum
996 2406 1075 2441 quo
1093 2392 1259 2441 quilibet
1279 2393 1515 2428 christianus

211 2452 251 2488 in
295 2451 495 2500 baptismo
540 2451 752 2499 profitetur
783 2463 823 2487 se
856 2450 1004 2487 Christi
1038 2450 1203 2486 militem
1244 2459 1516 2498 pugnaturum

212 2518 350 2546 contra
373 2510 587 2558 dyabolum
614 2508 714 2545 foret
730 2508 992 2557 superfluum,
1025 2521 1117 2544 nam
1142 2520 1231 2544 cum
1257 2521 1336 2544 non
1361 2520 1402 2543 ex
1426 2516 1518 2543 voto

152 2581 196 2612 40
212 2576 390 2604 caracter
421 2566 678 2614 imprimitur,
717 2566 874 2602 videtur
906 2566 1013 2613 quod
1045 2574 1135 2613 post
1173 2565 1347 2613 primum
1380 2574 1517 2601 votum

285 2699 328 2736 32,
349 2699 392 2729 33.
413 2701 471 2728 Hic
490 2701 607 2736 aliquot
627 2700 719 2727 verba
739 2700 927 2727 exciderunt.
1023 2698 1068 2733 34.
1090 2697 1288 2735 Cod.:foret
1307 2699 1416 2727 iterum
1429 2698 1522 2736 foret

213 2738 306 2763 tante.
406 2734 450 2770 3s.
471 2736 501 2762 in
523 2736 619 2762 deest.

307 2818 335 2849 7.
363 2807 446 2849 Cap.
464 2807 504 2848 X,
532 2807 623 2848 Opp.
651 2817 727 2848 pag.
755 2817 833 2849 927.

1719 215 1797 253 507

1573 1999 1602 2026 If
1619 1999 1668 2026 the
1689 2006 1758 2025 vow

1528 2042 1608 2061 were
1636 2042 1651 2060 a
1671 2033 1750 2068 good
1772 2034 1802 2061 in

1539 2068 1623 2095 itself
1639 2069 1661 2095 it
1682 2069 1784 2094 would

1576 2104 1611 2129 be
1632 2103 1696 2129 wel}
1718 2107 1749 2128 to

1563 2142 1666 2172 repeat
1685 2140 1706 2163 it
1727 2145 1759 2163 as

1596 2172 1676 2199 often
1698 2180 1731 2198 as

1592 2206 1739 2242 possible.
