2050 3292
192 238 274 276 524

192 579 324 607 Adain’s
339 578 404 606 first
418 578 464 605 sin

193 623 256 641 was
282 613 466 648 necessarily

217 649 337 681 morial,
359 656 392 675 as
412 647 448 674 he

193 684 283 712 could
305 687 359 710 not
378 687 466 709 atone

280 724 328 745 tor
348 718 380 744 it.

903 229 963 263 DE
991 228 1126 262 cmm
1153 228 1363 262 monimo.
1545 216 1653 271 [cAr‘.
1674 222 1784 254 xxiv.

538 338 612 376 Hic
645 346 775 388 potest
808 336 887 374 dici
920 337 1029 386 quod
1062 344 1311 385 assumptum
1342 344 1398 372 est
1421 347 1571 380 verum,
1605 335 1673 371 sed
1696 346 1787 371 con-

481 397 605 433 clusio
639 409 720 432 non
752 394 932 444 sequitur
966 406 1008 430 ex
1042 392 1129 438 illo;
1167 406 1241 431 nec
1274 392 1453 442 sequitur
1485 393 1516 429 si
1548 405 1667 429 omne
1701 404 1789 439 pec-

481 463 611 491 catum
659 454 707 490 sit
756 452 972 489 infinaliter
1016 451 1127 500 peius
1172 464 1291 500 quam
1344 452 1494 488 malum
1538 462 1639 498 pene
1683 449 1791 498 quod

480 513 530 549 sit
580 512 620 548 in
670 524 711 548 se
760 510 977 547 infinaliter
1020 510 1184 559 malum,
1236 509 1338 546 sicut
1382 517 1491 557 patet
1535 509 1582 544 de
1627 519 1790 555 compa-

482 569 710 607 racionibus
749 580 879 604 rerum
917 567 1137 616 disparium
1178 566 1421 615 specierum3
1467 575 1505 603 et
1550 565 1604 603 sic
1635 565 1823 601 videtur5

481 627 688 676 probabile
733 627 842 674 quod
887 638 1006 662 omne
1051 633 1259 673 peccatum
1295 636 1463 673 sequens
1497 632 1642 660 statum
1677 622 1792 659 inno·

482 685 617 722 cencie
651 686 750 721 foret
785 684 965 732 mortale,
998 682 1091 731 quia
1115 681 1230 719 aliter
1263 692 1397 730 posset
1419 683 1547 718 Adam
1582 680 1792 729 quociens-

482 755 639 792 cunque
683 741 846 778 libuerit
890 740 1117 789 peccavisse
1161 749 1198 776 et
1230 739 1350 777 fuisse
1382 739 1544 788 punitus
1582 750 1707 787 usque
1742 739 1792 774 ad

483 809 651 838 mortem
699 799 783 836 sine
827 798 1119 848 satisfaccione,
1164 797 1258 846 quia
1303 810 1406 845 pena
1444 810 1513 834 sua
1546 809 1626 833 non
1659 795 1794 832 fuisset

481 858 682 896 sufficiens
733 869 806 905 pro
860 856 1026 893 minimo
1071 855 1214 892 veniali
1261 854 1335 892 nisi
1381 855 1421 891 in
1464 855 1610 891 virtute
1663 852 1852 890 meritiis)

482 916 641 955 Christi.
674 915 715 951 Si
748 915 869 963 igitur
890 914 1086 962 perfectus
1111 922 1200 962 post
1222 913 1378 961 lapsum
1403 920 1560 949 tenetur
1582 913 1794 948 observare

482 974 628 1011 Christi
663 972 830 1010 consilia
862 974 933 1009 sub
969 983 1071 1019 pena
1105 971 1298 1017 mortalis,
1333 971 1459 1007 multo
1494 970 1620 1018 magis
1643 968 1796 1018 primus

483 1044 626 1081 parens
679 1030 899 1079 perfeccior
952 1030 1019 1078 qui
1072 1041 1116 1065 ex
1166 1036 1272 1065 statu
1316 1041 1387 1065 suo
1432 1027 1620 1065 facillime
1664 1034 1798 1075 posset

483 1089 683 1127 declinare
708 1087 904 1137 quotlibet
925 1087 1097 1133 veniale;
1131 1086 1163 1123 si
1195 1086 1301 1123 enim
1332 1098 1412 1123 non
1434 1086 1553 1122 fuerit
1577 1085 1797 1122 instructus

483 1160 505 1185 a
528 1150 611 1185 Deo
634 1148 685 1184 ad
716 1145 995 1183 declinandum
1027 1153 1239 1193 peccatum
1273 1145 1382 1192 quod
1414 1142 1671 1192 perpetravit,
1704 1152 1797 1179 tunc
1820 1146 1853 1177 15

483 1219 563 1243 non
586 1205 687 1243 foret
710 1204 784 1240 sibi
806 1203 1090 1251 imputandum
1114 1202 1255 1251 pocius
1274 1214 1393 1250 quarn
1418 1201 1639 1250 imputatur
1660 1202 1797 1245 bruto;

484 1277 527 1301 ex
572 1264 648 1300 hoc
682 1261 787 1299 enim
833 1268 992 1298 excusat
1020 1257 1025 1313 J
1053 1273 1125 1297 nos
1163 1259 1399 1308 ignorancia
1439 1260 1546 1307 quod
1579 1258 1619 1294 in
1653 1270 1796 1307 penam
1839 1263 1920 1295 213⁸

483 1320 638 1370 peccati
684 1320 917 1368 ignoramus
962 1319 1057 1366 quid
1104 1327 1140 1354 et
1184 1316 1356 1366 qualiter
1406 1329 1523 1365 agere
1568 1317 1796 1353 debeamus

485 1380 525 1416 Si
558 1379 678 1427 igitur
710 1390 792 1414 non
831 1375 966 1425 previe
999 1370 1258 1424 peccaremus
1304 1375 1420 1423 culpa
1459 1387 1502 1412 ex
1546 1387 1647 1422 pura
1687 1373 1799 1422 igno-

486 1437 636 1481 rancia,
690 1436 721 1472 si
781 1433 1007 1483 contigerit,
1060 1433 1292 1482 inputribilis
1339 1434 1438 1468 foret
1482 1433 1589 1478 Deo:
1641 1439 1799 1480 oportet
1816 1445 1857 1466 20

485 1495 618 1544 igitur,
664 1494 695 1529 si
747 1493 938 1530 innocens
984 1501 1168 1540 peccaret
1221 1493 1330 1540 quod
1375 1490 1483 1527 racio
1529 1499 1566 1527 et
1616 1490 1799 1526 voluntas

487 1551 746 1590 consenciant
796 1550 1056 1595 convetitum,
1107 1551 1215 1598 quod
1259 1549 1361 1586 foret
1410 1548 1578 1585 omnino
1618 1547 1798 1592 mortale,

487 1624 577 1648 cum
622 1609 751 1647 sciens
794 1609 1042 1645 voluntatem
1084 1607 1246 1644 Domini
1290 1616 1371 1644 tam
1423 1605 1602 1654 explicite
1645 1605 1801 1642 videtur

487 1667 767 1706 inexcusabilis
812 1666 844 1703 si
888 1665 1077 1705 offendat.
1131 1667 1179 1701 Et
1223 1664 1333 1701 illam
1368 1662 1614 1701 sentenciam
1655 1664 1703 1700 de
1741 1662 1801 1699 in-

488 1725 752 1777 possibilitate
784 1724 903 1774 primi
932 1722 1109 1772 parentis
1139 1722 1179 1759 iu
1202 1723 1407 1771 peccando
1439 1721 1570 1770 primo
1595 1720 1801 1757 venialiter
1818 1724 1856 1755 23

488 1793 577 1833 post
621 1792 767 1821 statum
815 1780 1050 1819 innocencie
1094 1789 1201 1818 tenet
1245 1789 1405 1818 sanctus
1443 1780 1622 1817 Thomas
1666 1778 1707 1815 in
1745 1780 1801 1814 De

489 1843 607 1888 Malo,
643 1849 753 1890 parte
787 1842 816 1877 II
851 1839 1059 1889 questione
1082 1840 1142 1877 111.
1179 1841 1281 1876 Nota
1312 1847 1447 1876 tamen
1480 1838 1587 1886 quod
1621 1837 1801 1885 quando-

490 1912 646 1948 cunque
679 1898 905 1946 intelligunt
939 1898 1122 1934 doctores
1155 1905 1364 1945 peccatum
1393 1895 1559 1932 mortale
1594 1903 1630 1931 et
1652 1892 1801 1931 veniale

490 1956 736 2005 simpliciter,
770 1965 811 1992 ut
845 1955 980 1992 dicunt
1016 1963 1184 1992 mortem
1220 1963 1257 1990 et
1287 1953 1464 1997 veniam;
1499 1962 1535 1989 et
1569 1952 1624 1989 sic
1656 1960 1802 2000 negant

491 2016 596 2064 quod
630 2014 783 2051 veniale
817 2013 884 2049 fiat
917 2013 1098 2058 mortale,
1132 2013 1198 2049 sed
1233 2011 1463 2060 gravabitur
1493 2009 1645 2047 nomini
1678 2021 1801 2058 genus
1820 2015 1860 2047 30

492 2072 658 2121 peccati,
704 2073 770 2108 sed
805 2083 886 2108 non
918 2078 1078 2119 oportet
1111 2069 1165 2106 sic
1199 2068 1429 2116 intelligere,
1470 2080 1559 2105 cum
1593 2079 1663 2116 per
1695 2066 1800 2104 idem

491 2131 718 2179 negandum
754 2138 855 2165 esset
888 2129 1022 2165 album
1057 2128 1158 2164 foret
1189 2127 1363 2175 nigrum,
1398 2125 1525 2163 eciam
1559 2125 1660 2162 sicut
1694 2124 1799 2161 idem

492 2188 642 2225 dictum
688 2188 748 2224 vel
793 2187 939 2223 factum
981 2187 1090 2234 quod
1134 2185 1352 2222 secundum
1400 2182 1666 2231 Augustinum
1701 2183 1800 2219 XXII

491 2255 630 2283 contra
669 2247 859 2282 Faustum
907 2252 964 2280 est
1007 2251 1214 2291 peccatum
1270 2250 1399 2291 potest
1444 2241 1542 2278 alias
1594 2252 1678 2277 esse
1722 2251 1803 2276 non

492 2312 715 2353 peccatum,
761 2301 817 2339 sic
860 2301 966 2338 idem
1012 2301 1188 2338 defectus
1231 2299 1330 2337 citra
1374 2298 1518 2336 mentis
1565 2309 1801 2335 consensum
1820 2302 1859 2335 35

493 2370 622 2410 potest
655 2373 738 2398 esse
771 2372 861 2396 cum
895 2360 1014 2408 pleno
1048 2358 1190 2395 mentis
1224 2369 1432 2395 consensu.

552 2421 637 2456 Hoc
670 2431 762 2466 ergo
796 2416 1005 2466 supposito
1037 2416 1255 2453 videndum
1290 2423 1348 2452 est
1380 2427 1401 2452 a
1435 2426 1515 2463 quo
1547 2413 1659 2462 signo
1692 2420 1804 2451 nota·
1844 2418 1869 2449 F

494 2477 561 2514 bili
600 2475 825 2513 discernere
863 2487 1076 2523 possumus
1116 2473 1145 2510 si
1180 2472 1420 2510 offendimus
1458 2472 1499 2508 in
1533 2471 1703 2517 mortali,
1738 2471 1803 2507 de-

565 2677 585 2696 ιΔ
601 2671 796 2704 assumptum.
812 2668 907 2696 Cod.:
928 2670 1088 2695 assertum.
1139 2664 1163 2693 3.
1179 2674 1208 2699 4.
1224 2664 1404 2700 1'nfinal1'ter.
1422 2663 1517 2692 Cod.:
1538 2661 1650 2698 infitat’,
1698 2660 1739 2689 32.
1754 2670 1805 2690 ne-

496 2705 633 2742 gandum
655 2707 751 2737 essen
770 2703 820 2731 hic
840 2703 955 2737 aliquot
976 2702 1069 2729 verba
1091 2700 1211 2729 desunt.

567 2787 620 2820 33.
647 2786 698 2820 Cf.
726 2786 774 2818 St.
800 2785 983 2828 Augustini
1010 2784 1138 2816 Contra
1166 2784 1355 2815 Faustaum
1388 2782 1445 2813 lib.
1471 2780 1571 2822 XXII,
1598 2790 1671 2822 cap.
1698 2779 1802 2811 XXVI

497 2840 529 2865 et
552 2832 674 2866 XXVII
702 2832 769 2875 Op.
794 2831 983 2872 tom.V111‚
1011 2828 1088 2873 378.
