2050 3292
191 241 271 289 558

196 697 266 724 Man
288 705 359 733 may
379 704 451 731 pass

194 740 267 759 over
287 740 325 759 an
346 732 463 759 oss'ence

238 767 417 802 altogether,

223 801 291 828 God
313 805 426 828 cannot

274 837 313 863 do
336 844 381 863 so.

208 2454 303 2480 Some
323 2460 377 2487 say
396 2451 461 2479 that

196 2489 232 2515 all
257 2488 321 2514 sins
343 2488 469 2514 deserve

230 2523 280 2550 the
301 2527 436 2549 severest

232 2558 442 2593 punishment,

909 246 967 278 DE
996 246 1132 278 CIVILI
1158 246 1368 279 DOMINIO.
1549 233 1656 291 [CAP.
1679 244 1788 272 xxiv.

479 355 672 390 Sanctum
705 364 786 388 non
819 360 950 400 potest
990 353 1084 388 dare
1115 352 1272 389 veniam
1314 353 1361 389 de
1393 365 1464 389 sua
1502 352 1689 400 potencia
1722 353 1789 389 ab·

478 411 607 448 soluta
650 422 723 446 nec
768 409 982 446 obmittere
1026 409 1187 458 aliquod
1232 418 1441 457 peccatum
1487 418 1683 458 quantum
1732 419 1790 446 est

478 468 655 517 punibile
687 467 928 515 inpunitum,
964 475 1000 503 et
1033 479 1116 503 non
1147 468 1320 516 quadam
1347 498 1353 505 .
1381 496 1388 503 .
1413 482 1442 514 ‚3
1477 478 1513 504 et
1544 480 1643 504 voco
1678 468 1789 515 puni-

478 527 554 563 bile
606 538 685 562 non
738 525 844 573 quod
896 533 1026 572 potest
1077 525 1225 576 puniri,
1278 525 1371 573 quia
1422 525 1477 562 sic
1529 538 1648 562 omne
1700 537 1790 573 pec-

478 593 610 621 catum
650 584 752 619 foret
790 594 890 631 eque
923 582 1099 630 punibile
1137 584 1355 620 secundum
1397 584 1505 631 quod
1540 591 1597 620 est
1629 583 1824 630 dignum5

478 641 626 689 puniri.

536 701 578 734 In
610 698 685 734 ista
720 697 889 734 materia
922 696 1052 734 audivi
1086 696 1390 734 distinccionem
1425 699 1472 735 de
1505 698 1697 746 dignitate
1720 711 1789 746 pu-

477 756 646 793 nicionis
679 754 845 804 peccati,
879 754 1029 792 scilicet
1064 756 1110 791 de
1145 767 1320 803 congruo
1343 756 1402 792 vel
1436 757 1652 804 condigno,
1686 758 1792 792 Deus

477 814 595 862 igitur
638 813 730 850 licet
774 813 830 849 sic
878 812 1018 861 puniat
1063 822 1229 861 peccata
1275 813 1588 850 misericorditer
1633 826 1675 850 ex
1722 826 1792 850 sua

478 872 627 919 gracia,
661 871 763 908 sicut
796 883 840 907 ex
871 871 1005 918 gracia
1037 880 1202 919 peccata
1236 871 1466 909 dimittere.
1495 899 1503 908 .
1529 902 1535 909 .
1561 871 1794 919 simpliciter
1813 885 1851 905 10

478 929 676 978 inpunita,
737 941 826 965 cum
886 938 1020 976 posset
1078 930 1219 977 punire
1278 939 1443 977 peccata
1502 930 1794 978 quantumlibet

478 988 649 1036 amplius
683 988 731 1023 de
764 987 896 1034 rigore
928 986 1082 1023 iusticie
1116 996 1153 1023 et
1185 989 1233 1023 de
1266 988 1335 1024 tali
1369 987 1564 1036 dignitate
1597 1000 1702 1036 pena
1733 999 1792 1023 se-

479 1047 652 1083 cundum
688 1044 943 1081 securitatem
968 1044 1040 1081 Dei
1072 1045 1267 1082 subducta
1301 1045 1575 1082 misericordia
1607 1046 1795 1082 locuntur

479 1105 663 1141 doctores
692 1104 696 1151 Ι
725 1111 919 1151 ponentes
965 1115 1085 1139 omne
1118 1103 1287 1139 mortale
1320 1103 1483 1152 dignum
1526 1104 1658 1152 puniri
1691 1115 1794 1151 pena
1834 1104 1914 1137 226⁰

479 1171 693 1210 perpetua3
740 1160 895 1198 videtur
943 1161 1049 1197 enim
1095 1163 1200 1209 quod
1246 1163 1350 1198 Deus
1395 1162 1497 1199 foret
1541 1161 1851 1210 inpotencior15

479 1220 656 1266 homine,
702 1218 775 1254 nisi
820 1227 953 1266 posset
998 1218 1135 1255 animo
1181 1219 1386 1256 remittere
1419 1220 1612 1257 offensam
1646 1220 1793 1256 factam

479 1277 519 1314 in
564 1290 654 1314 eum
699 1276 936 1324 simpliciter
968 1276 1209 1327 inpunitam,
1255 1289 1343 1313 cum
1392 1278 1514 1314 homo
1547 1286 1678 1326 potest
1711 1276 1796 1314 sine

479 1337 555 1372 hoc
588 1336 697 1384 quod
729 1335 868 1382 puniat
902 1334 1106 1379 remittere
1150 1335 1339 1371 iniuriam
1373 1335 1486 1373 fratri
1519 1349 1604 1373 suo.
1659 1335 1796 1371 Primo

479 1393 655 1430 tollendo
687 1393 791 1429 hanc
824 1392 1069 1429 evidenciam
1105 1392 1206 1438 dico,
1247 1395 1355 1442 quod
1387 1395 1540 1430 nullum
1580 1393 1796 1442 positivum

479 1460 612 1499 potest
645 1452 767 1487 homo
800 1451 930 1487 facere
963 1450 1038 1487 nisi
1070 1452 1175 1486 Deus
1219 1449 1348 1498 ipsum
1395 1452 1504 1499 prius
1537 1452 1673 1489 fecerit
1706 1464 1795 1487 cum
1814 1463 1855 1484 20

480 1510 615 1557 aliquo
649 1509 782 1553 modo,
828 1509 920 1557 quia
954 1508 1145 1545 defective
1184 1517 1315 1556 potest
1353 1510 1474 1546 homo
1508 1510 1651 1557 facere,
1697 1521 1796 1557 quo-

482 1569 601 1603 modo
634 1569 741 1603 Deus
775 1579 855 1603 non
889 1574 1020 1615 potest
1053 1566 1198 1605 facere.
1252 1568 1300 1603 Et
1333 1566 1386 1604 ita
1419 1581 1500 1604 non
1540 1568 1731 1616 sequitur,
1767 1567 1797 1602 si

480 1627 602 1661 homo
627 1633 757 1673 potest
780 1623 983 1661 remittere
1007 1637 1116 1661 suam
1148 1623 1349 1669 iniuriam,
1382 1638 1431 1662 ne
1454 1626 1622 1663 omnino
1645 1626 1796 1675 puniat,

480 1693 575 1719 tunc
608 1691 644 1720 et
677 1685 796 1728 Deus,
831 1684 922 1731 quia
956 1683 1078 1719 homo
1112 1683 1232 1719 habet
1264 1685 1392 1719 Deum
1427 1684 1689 1732 superiorem,
1737 1682 1797 1719 cui

480 1743 597 1778 debet
620 1750 845 1777 reverenter
861 1741 1016 1777 deferre
1031 1740 1234 1787 iudicium,
1258 1740 1364 1777 iuxta
1380 1741 1473 1778 illud
1492 1744 1604 1778 Rom.
1626 1743 1707 1787 XII,
1730 1752 1796 1791 19:
1815 1744 1855 1776 25

480 1799 603 1835 Michi
633 1799 801 1835 vindicta
835 1806 869 1835 et
902 1811 975 1850 ego
1009 1799 1245 1843 retribuam;
1277 1800 1382 1835 Deus
1405 1808 1538 1836 autem
1564 1813 1643 1836 non
1670 1806 1800 1847 potest

481 1859 627 1894 habere
660 1856 832 1893 iudicem
866 1857 1134 1905 superiorem3
1169 1855 1258 1892 ideo
1282 1858 1427 1904 periret
1460 1857 1629 1904 iusticia,
1663 1857 1694 1893 si
1717 1857 1798 1905 ipse

482 1915 701 1951 dimitteret
732 1924 943 1963 peccatum
978 1914 1141 1962 aliquod
1169 1913 1410 1963 inpunitum,
1450 1924 1545 1952 tunc
1591 1917 1695 1951 unde
1718 1927 1798 1950 non

483 1973 806 2019 misericorditer,
856 1974 924 2009 sed
969 1985 1124 2009 summe
1170 1973 1380 2009 crudeliter
1423 1973 1643 2010 remitteret
1686 1985 1796 2009 suam

482 2032 673 2068 fabricam
741 2032 993 2079 deturpatam
1048 2039 1085 2066 et
1136 2030 1324 2067 iniuriam
1373 2039 1552 2068 creature
1597 2033 1679 2067 sine
1733 2032 1798 2066 de—
1816 2043 1857 2067 30

483 2102 574 2126 core
606 2088 799 2136 vindicte;
845 2097 882 2125 et
914 2088 1062 2137 periret
1113 2088 1208 2136 legis
1261 2088 1470 2126 cuiuslibet
1515 2090 1727 2135 certitudo,
1767 2088 1799 2124 si

483 2160 526 2184 ex
559 2147 669 2183 nulla
701 2147 787 2195 lege
820 2147 881 2183 vel
913 2146 1179 2195 promissione
1212 2146 1283 2182 Dei
1324 2146 1536 2184 certificari
1570 2159 1797 2195 possumus,

483 2206 512 2241 si
544 2205 600 2241 sic
632 2204 841 2241 serviendo
876 2204 1108 2249 meruimus,
1141 2213 1234 2240 tunc
1258 2203 1312 2240 sic
1336 2205 1638 2253 premiabimur,
1665 2203 1799 2241 habito

483 2264 592 2311 quod
625 2262 828 2299 evidencia
861 2275 882 2299 a
915 2262 1035 2299 simili
1067 2275 1148 2298 non
1182 2271 1313 2299 movet
1342 2263 1391 2299 ad
1414 2263 1657 2299 credendum
1692 2263 1799 2311 quod

483 2323 587 2357 Deus
620 2329 753 2369 posset
784 2320 988 2357 remittere
1021 2328 1229 2368 peccatum
1264 2321 1425 2368 aliquod
1458 2320 1698 2369 inpunitum.
1816 2323 1856 2356 35

542 2381 676 2415 Restat
698 2378 831 2415 videre
855 2379 903 2414 de
935 2377 1149 2415 evidenciis
1182 2379 1323 2426 quibus
1352 2378 1527 2415 creditur
1549 2380 1656 2427 quod
1681 2390 1799 2415 omne

484 2436 635 2473 crimen
677 2445 733 2472 est
778 2435 940 2484 dignum
975 2436 1108 2484 puniri
1147 2444 1355 2484 perpetuo,
1401 2438 1529 2484 primo
1568 2436 1800 2484 proporcio-

484 2493 671 2530 nabiliter
702 2502 745 2530 ut
777 2506 949 2542 persona
973 2502 1113 2531 contra
1136 2507 1254 2542 quam
1288 2502 1477 2542 peccatur
1510 2503 1567 2531 est
1595 2491 1599 2546 l
1629 2493 1798 2542 gravior,
1839 2494 1919 2527 226d

485 2560 541 2588 est
572 2560 783 2600 peccatum
828 2553 985 2600 gravius
1031 2553 1192 2600 dignum
1242 2551 1386 2588 maiori
1419 2564 1541 2600 pena,
1593 2553 1661 2588 sed
1694 2554 1799 2588 Deus

484 2618 622 2647 contra
666 2622 784 2658 quem
844 2622 931 2646 cum
979 2618 1144 2657 peccato
1191 2619 1378 2657 peccatur
1423 2620 1480 2646 est
1525 2622 1696 2658 persona
1741 2609 1857 2653 in-4o

554 2753 579 2782 3.
606 2762 667 2782 non
693 2754 837 2790 quadam.
869 2754 928 2782 Hic
953 2754 1082 2782 verbum
1109 2755 1259 2782 excidisse
1288 2763 1303 2782 a
1330 2759 1424 2790 paret.
1514 2762 1542 2787 4.
1571 2753 1651 2781 Non.
1685 2753 1722 2780 Et
1752 2753 1800 2780 hic

484 2789 612 2816 verbum
643 2790 748 2816 deesse
776 2789 906 2817 videtur.
1014 2797 1055 2817 10.
1084 2789 1250 2817 dimittere.
1319 2790 1346 2817 ic
1374 2789 1525 2824 quaedam
1555 2788 1648 2815 verba
1677 2788 1797 2815 desunt.

484 2823 530 2851 28.
549 2827 620 2851 tunc
639 2824 740 2857 unde‚·
759 2823 798 2851 ita
820 2825 887 2851 cod.
907 2823 1043 2851 Rectius:
1064 2824 1137 2860 quia
1156 2827 1237 2851 tunc.
1351 2822 1396 2851 30.
1425 2824 1518 2852 Cod.:
1549 2823 1696 2850 iniuriam
1727 2831 1792 2850 cum

484 2861 639 2886 creature.
