2050 3292
209 862 245 883 [Ο

208 1134 241 1165 [5

205 1999 246 2031 30

207 2286 245 2320 35

260 224 351 251 CAP.
372 212 499 268 xxiv.]
738 224 871 255 LIBER
897 223 1105 257 TERTIUS.

261 330 393 378 gracia
426 328 791 377 predestinacionis,
824 328 915 364 licet
945 341 1025 364 non
1049 329 1264 364 secundum
1292 336 1454 376 peccata
1479 341 1564 376 pre-

261 388 405 423 sencia.

318 447 371 480 Ex
405 444 546 492 quibus
578 443 732 479 videtur
776 442 899 491 sequi,
947 445 1053 490 quod
1097 443 1227 478 nullus
1272 442 1565 490 predestinatus

261 510 390 549 potest
424 503 564 538 cadere
597 514 618 536 a
650 500 734 536 iure
766 501 814 536 ad
848 500 1147 546 beatitudinem7
1196 499 1288 548 quia
1326 512 1406 536 non
1439 508 1567 547 potest

262 560 401 595 cadere
445 572 467 595 a
512 558 645 606 gracia
691 557 1059 605 predestinacionis,
1105 559 1155 593 ad
1199 570 1319 605 quam
1366 557 1424 592 ius
1469 557 1567 592 illud

261 615 529 663 consequitur,
585 627 627 650 ex
679 627 757 662 quo
802 616 907 650 Deus
956 614 1196 660 eternaliter,
1249 614 1415 650 dicendo
1461 616 1566 662 quod

261 672 566 718 beatificabitur,
614 671 804 719 obligavit
837 684 876 707 se
909 673 959 708 ad
991 671 1100 719 illud,
1147 671 1390 708 constituens
1430 684 1469 707 se
1501 673 1566 707 de-

260 730 427 766 bitorem
462 729 682 775 donatorie,
716 737 758 764 ut
793 729 969 765 declarat
998 729 1243 776 Augustinus
1276 728 1315 764 in
1348 731 1404 765 De
1439 728 1566 764 verbis

259 787 422 823 Domini
447 789 639 823 Sermone
664 787 813 822 LXXXI
838 798 956 834 super
979 786 1047 822 illo
1062 787 1244 834 Apostoli
1264 787 1487 831 Rom.VIII‚
1513 787 1565 834 38

260 845 302 880 Si
334 846 439 881 Deus
472 857 547 893 pro
586 844 703 890 nobis,
748 844 829 892 quis
861 851 995 879 contra
1029 845 1126 880 nos?
1177 847 1224 879 Et
1262 843 1316 879 sic
1349 852 1478 891 potest
1511 843 1567 879 in-

260 902 380 950 telligi
414 902 561 938 dictum
597 901 778 949 Apostoli
813 901 956 937 ibidem
992 903 1099 949 quod
1139 901 1244 936 nulla
1283 909 1463 936 creatura
1497 913 1567 949 po-

260 961 348 996 terit
381 972 444 996 eos
473 971 660 1008 separare
682 971 703 994 a
727 959 827 994 dicta
851 959 1012 994 caritate
1034 972 1152 1006 quam
1184 971 1253 1006 per
1276 958 1563 994 revelacionem

260 1018 373 1054 scivit
405 1017 511 1064 ipsos
545 1017 700 1054 habere.
735 1019 787 1052 Ex
820 1016 903 1052 istis
936 1016 1092 1052 videtur
1124 1016 1235 1064 sequi
1269 1017 1375 1063 quod
1400 1016 1567 1052 existens

1770 226 1850 263 555

1684 450 1751 477 The

1616 485 1819 518 predestinate

1598 524 1710 545 cannot
1730 519 1831 546 forfeit

1624 553 1702 580 their
1723 553 1803 588 right

1645 592 1674 614 to
1696 588 1784 621 bliss,

1601 1024 1653 1050 but
1674 1023 1742 1058 they
1763 1030 1833 1057 may

1616 1058 1664 1085 for
1684 1059 1733 1085 the
1753 1058 1825 1084 time

260 1076 298 1111 in
343 1083 507 1123 peccato
553 1072 711 1110 mortali
756 1082 792 1109 et
826 1086 895 1120 per
929 1086 1174 1122 consequens
1215 1085 1354 1110 carens
1389 1073 1567 1110 dominio
1584 1092 1798 1125 beincapable
1818 1092 1852 1120 of

262 1141 318 1169 est
351 1132 491 1179 dignus
525 1133 669 1168 habere
693 1131 979 1167 beatitudinem
1010 1141 1046 1167 et
1070 1144 1140 1179 per
1164 1143 1409 1178 consequens
1433 1130 1568 1167 omnia

259 1192 363 1226 bona
396 1189 467 1225 Dei
518 1191 682 1235 habere3
728 1188 894 1224 existens
940 1188 1043 1224 enim
1089 1188 1346 1236 indispositus
1379 1190 1428 1224 ad
1462 1200 1566 1224 nunc

260 1248 508 1295 regnandum
555 1256 611 1283 est
655 1246 797 1294 dignus
842 1259 1008 1294 regnare
1052 1259 1124 1294 pro
1168 1259 1239 1283 suo
1283 1254 1477 1293 tempore,
1532 1256 1567 1281 et

260 1305 349 1341 licet
392 1305 572 1341 videatur
613 1303 707 1351 legis
753 1303 898 1351 ignaris
942 1304 1269 1340 exhereditandus
1319 1316 1362 1339 ex
1394 1316 1464 1339 sua
1508 1304 1566 1339 in-

260 1362 453 1405 solencia;
489 1361 597 1398 aliud
629 1361 750 1409 igitur
783 1370 840 1397 est
874 1361 1022 1398 dicere:
1058 1363 1196 1398 Petrus
1219 1373 1325 1397 nunc
1349 1370 1405 1397 est
1428 1361 1568 1407 dignus

204 1432 218 1452 2
260 1422 405 1457 habere
439 1418 697 1455 hereditatem
733 1432 804 1467 pro
837 1431 908 1455 suo
942 1428 1121 1466 tempore
1155 1428 1191 1455 et
1220 1430 1324 1455 nunc
1348 1428 1404 1455 est
1427 1419 1567 1466 dignus

261 1479 407 1514 habere
441 1476 701 1513 hereditatem
736 1476 842 1513 illam
878 1489 996 1522 nunc⁷
1036 1489 1154 1512 nemo
1195 1477 1298 1512 enim
1334 1485 1391 1512 est
1425 1476 1567 1523 dignus

261 1537 406 1572 habere
440 1547 604 1582 regnum
639 1547 711 1582 pro
744 1543 926 1581 tempore
960 1542 1172 1582 antequam
1208 1536 1255 1571 de
1289 1535 1390 1571 facto
1423 1535 1568 1570 habeat

262 1593 385 1629 illam.
419 1593 510 1628 Ideo
546 1591 658 1627 multi
692 1591 901 1627 existentes
945 1591 984 1628 in
1020 1591 1286 1639 disposicione
1319 1599 1567 1639 repugnante

260 1650 499 1698 possessioni
531 1649 586 1685 rei
618 1650 763 1685 habent
786 1649 846 1685 ius
870 1651 919 1685 ad
948 1649 1056 1685 illam
1082 1658 1118 1685 et
1146 1658 1238 1685 sunt
1265 1649 1374 1697 digni
1399 1644 1565 1701 habere}

191 1710 221 1725 '⁰
259 1709 367 1744 illam
414 1720 484 1755 pro
529 1720 600 1743 suo
645 1716 845 1755 tempore3
895 1715 931 1743 et
975 1719 1045 1754 per
1087 1706 1190 1743 idem
1239 1707 1417 1755 sequitur
1461 1708 1567 1755 quod

261 1766 390 1801 nullus
422 1764 714 1813 predestinatus
749 1773 923 1801 meretur
956 1777 1099 1812 penam
1134 1773 1368 1812 perpetuam
1403 1776 1474 1800 nec
1498 1764 1567 1800 ali-

260 1823 348 1871 quis
380 1822 573 1871 prescitus
611 1823 729 1859 vitam
776 1831 1023 1870 perpetuam.
1085 1824 1185 1858 Nam
1231 1834 1349 1858 nemo
1396 1829 1567 1858 meretur

260 1881 379 1917 vitam
415 1880 489 1916 nisi
521 1881 567 1916 de
602 1893 777 1928 congruo
825 1892 866 1916 ex
899 1888 1012 1927 grato
1044 1888 1283 1916 testamento
1318 1888 1453 1916 eterno
1488 1892 1567 1927 quo

262 1941 365 1974 Deus
399 1938 569 1974 instituit
596 1946 813 1974 merentem
839 1950 921 1974 esse
946 1937 1069 1973 filium
1095 1937 1204 1984 regni
1238 1937 1310 1983 sui,
1344 1939 1412 1973 sed
1436 1937 1567 1972 nullus

261 1996 454 2044 prescitus
476 1996 594 2032 habet
616 1997 835 2032 secundum
861 1996 965 2031 hunc
994 1996 1151 2031 titulum
1176 1997 1303 2031 Deum
1328 1994 1565 2039 debitorem,

263 2066 354 2101 ergo
387 2054 518 2089 nullus
551 2053 744 2100 prescitus
778 2052 982 2100 dignificat
1013 2065 1053 2089 se
1086 2054 1135 2089 ad
1164 2061 1320 2088 tantum
1346 2064 1388 2089 ex
1411 2053 1566 2088 defectu

263 2110 391 2147 finalis
435 2110 735 2157 perseverancie
779 2119 815 2146 et
858 2123 928 2158 per
973 2122 1220 2158 consequens
1264 2122 1343 2146 non
1397 2119 1568 2146 meretur

262 2167 563 2205 beatitudinem.
618 2170 664 2204 Et
702 2180 771 2216 per
810 2168 912 2203 idem
953 2167 1244 2215 predestinatus
1280 2180 1358 2203 non
1393 2176 1567 2203 meretur

262 2225 609 2274 dampnacionem,
634 2225 850 2262 amicitiam
873 2234 940 2261 aut
963 2234 999 2261 et
1022 2224 1279 2261 inimiciciam
1304 2224 1569 2261 essencialiter

264 2292 548 2331 consequentes
593 2284 640 2319 ad
689 2283 872 2319 meritum
918 2283 1077 2331 presciti
1122 2291 1158 2319 et
1203 2282 1438 2318 demeritum
1480 2295 1567 2329 pre-

264 2341 468 2382 destinati;
505 2349 709 2376 merentur
731 2341 789 2376 vel
813 2341 861 2376 ad
894 2341 1150 2376 commodum
1175 2349 1243 2376 aut
1265 2339 1565 2376 incommodum

264 2399 502 2446 temporale:
537 2407 626 2434 sunt
658 2406 792 2434 tamen
825 2398 864 2433 in
899 2397 1165 2445 disposicione
1197 2397 1263 2434 tali
1309 2399 1418 2445 quod
1450 2397 1481 2433 si
1525 2397 1565 2432 in

262 2455 339 2492 illis
372 2455 540 2492 finaliter
576 2463 837 2503 perseverent,
877 2464 971 2491 tunc
1005 2464 1207 2492 merentur
1251 2454 1447 2502 premium
1481 2467 1568 2502 per-

333 2592 373 2617 10.
395 2589 490 2616 Cod.:
515 2588 628 2616 habere
654 2589 733 2616 enim
759 2589 898 2615 existens.
931 2588 1052 2615 Rectius
1072 2589 1116 2623 (ut
1136 2589 1266 2621 videtur)
1286 2588 1464 2623 legendum:
1486 2588 1567 2614 [vona

264 2624 331 2651 Dei.
352 2622 584 2651 Hereditandus
604 2624 664 2656 (vel
676 2623 775 2655 heres)
791 2624 867 2649 enim
887 2624 1020 2650 existens
1036 2643 1040 2648 .
1058 2643 1064 2649 .
1081 2643 1087 2650 .
1105 2644 1109 2649 .
1182 2630 1228 2656 24.
1251 2622 1345 2649 Cod.:
1364 2622 1566 2657 possessione.

264 2658 308 2685 30.
329 2659 511 2720 εεςὲηῒαιιηη
529 2659 584 2685 sed
601 2658 630 2685 in
652 2658 720 2685 cod.
741 2658 872 2684 correxit
891 2658 920 2684 in
937 2657 1082 2692 margine.
1156 2658 1202 2685 36.
1223 2657 1279 2684 Hic
1299 2658 1383 2684 locus
1404 2661 1567 2690 corruptus

263 2701 330 2719 esse
350 2701 378 2719 v1
403 2701 417 2719 e
433 2701 478 2719 ur.

333 2774 363 2806 ς).
391 2763 441 2796 Cf.
474 2765 522 2797 St.
556 2764 738 2805 Augustini
771 2764 881 2796 Serm.
916 2763 1050 2794 CLVIII
1084 2770 1115 2794 et
1149 2763 1252 2794 CLIX
1291 2762 1381 2804 Opp.
1416 2768 1498 2795 tom.
1525 2763 1566 2804 V,

265 2820 341 2851 pag.
368 2809 443 2851 765,
470 2808 546 2850 766.
649 2820 697 2841 11.
724 2810 822 2843 Rom.
846 2810 930 2849 VIII,
959 2810 1013 2852 39.

1635 1127 1807 1154 dominion.
