2050 3292
198 229 279 277 486
914 233 972 264 DE
1001 232 1136 264 clvlLl
1163 232 1372 264 ΒΟΜΙΝΙΟ.
1555 219 1665 273 [CAP.
1689 228 1795 256 xxm.

266 349 327 390 We
347 350 394 378 sin
487 353 574 377 mus
619 352 702 378 esse
745 351 816 388 per
861 336 1251 386 contemplacionem
1304 345 1460 374 tantum
1506 337 1594 373 Deo
1646 336 1796 385 inserti,

196 386 464 455 ss'tnltssfflffgyssffi
487 400 596 448 quod
640 410 759 435 omne
803 405 898 433 tunc
942 409 965 433 a
1009 395 1124 432 nobis
1169 394 1373 443 cognitum
1414 404 1451 431 et
1483 404 1662 431 amatum
1696 395 1798 432 foret

220 463 252 483 ³⁵
274 463 320 482 Wss
340 456 446 491 ought.
486 459 592 493 Deus
624 455 723 504 ipse,
756 463 800 491 ut
832 463 928 502 puta
961 453 1178 502 cogitando
1223 454 1270 490 de
1297 455 1382 489 Deo
1416 452 1608 501 quoniam
1656 454 1798 501 bonus,

485 514 781 563 suppeditando
814 525 976 549 ornnem
1009 511 1200 548 noticiam
1235 519 1272 548 et
1304 511 1564 548 affeccionem
1598 523 1730 547 rerum
1759 511 1799 547 in

486 571 650 622 proprio
694 583 851 620 genere,
897 569 1164 618 concipiendo
1209 582 1270 606 res
1314 581 1413 617 pure
1447 570 1667 605 secundum
1708 573 1831 606 suasfi

486 630 669 667 raciones
702 629 966 677 exemplares3
1005 629 1074 665 sed
1107 626 1238 664 omnis
1270 626 1361 663 talis
1394 625 1562 664 dileccio
1595 626 1667 663 Dei
1700 627 1800 663 foret

486 696 846 737 quantumcunque
870 685 1089 723 dileccione
1112 694 1250 722 nostra
1272 684 1417 722 viando
1441 684 1676 734 perfeccior,
1706 684 1800 733 quia

486 745 697 784 dileccioni
731 745 803 781 Dei
848 753 885 781 et
930 743 1142 781 dileccioni
1187 744 1573 792 comprehensorum
1617 742 1798 790 similior,

487 817 580 851 ergo
633 802 824 841 continue
868 802 1014 839 viando
1059 800 1267 839 deficimus
1312 814 1334 838 a
1380 800 1598 838 dileccione
1644 800 1717 836 Dei
1761 800 1801 836 in

487 875 607 911 quam
652 860 716 898 hie
762 859 983 898 sufficimus
1028 868 1065 896 et
1110 873 1181 907 per
1226 871 1476 907 consequens
1516 858 1704 895 continue
1737 857 1859 895 hic1o

486 932 714 968 peccamus.
766 919 861 955 Ideo
908 919 1046 955 beatus
1078 917 1323 965 Augustinus
1368 917 1408 953 in
1452 929 1636 953 sermone
1656 919 1714 953 De
1747 916 1801 953 di-

487 977 707 1015 stinccione
751 985 1010 1026 peccatorum
1041 977 1045 1025 l
1075 975 1142 1025 qui
1187 975 1242 1012 sic
1286 974 1445 1023 incipit:
1490 976 1801 1011 Fundamentum
1846 981 1923 1021 197⁰

487 1036 594 1073 aliud
626 1047 735 1072 nemo
763 1042 891 1085 potest
918 1046 1079 1084 ponere,
1112 1042 1328 1082 postquam
1358 1032 1539 1071 recitavit
1567 1034 1613 1071 18
1638 1041 1802 1081 peccata

486 1093 669 1141 venialia,
726 1092 782 1130 sic
826 1092 1039 1129 subinfert:
1096 1090 1181 1128 Hec
1224 1099 1259 1128 et
1303 1091 1375 1128 hiis
1417 1091 1558 1127 similia
1602 1091 1802 1127 adminuta

482 1160 638 1202 peccata
657 1151 856 1202 pertinere
878 1149 1161 1202 cognoscimus,
1195 1162 1265 1199 que
1287 1149 1355 1185 vix
1378 1149 1602 1186 enumerari
1626 1156 1803 1199 possunt,
1823 1152 1859 1184 15

488 1218 522 1247 et
565 1223 586 1246 a
631 1210 765 1259 quibus
807 1221 881 1246 non
926 1209 1049 1245 solum
1095 1208 1217 1244 omnis
1255 1208 1425 1257 populus
1471 1207 1706 1244 christianus
1737 1208 1804 1243 sed

487 1269 605 1305 eciam
651 1268 779 1304 nullus
820 1274 1043 1303 sanctorum
1089 1266 1269 1302 immunis
1311 1277 1395 1303 esse
1433 1265 1560 1314 potuit
1596 1265 1803 1315 aliquando

488 1334 553 1362 aut
592 1326 749 1375 poterit.
809 1325 956 1370 Quibus
996 1324 1165 1374 peccatis
1215 1324 1304 1360 licet
1351 1323 1476 1360 occidi
1518 1324 1685 1359 animam
1731 1335 1803 1359 non

489 1385 705 1428 credamus,
751 1391 877 1419 tamen
910 1374 1142 1420 eam'velua'
1173 1382 1401 1431 quibusdam
1429 1381 1600 1430 pustulis
1631 1388 1667 1418 et
1697 1381 1808 1430 quasi

490 1443 686 1478 horrenda
718 1441 845 1478 scabie
877 1440 1066 1491 replentia
1099 1441 1315 1488 deformem
1341 1440 1500 1489 faciunt
1522 1447 1557 1476 et
1578 1440 1803 1489 amplexum
1822 1451 1863 1472 20

489 1500 619 1549 sponsi
655 1499 902 1549 prepediunt.
955 1501 1003 1535 Et
1046 1497 1152 1535 idem
1199 1498 1292 1535 dicit
1338 1497 1378 1533 in
1422 1500 1480 1534 De
1519 1500 1671 1534 Natura
1704 1496 1804 1534 Boni

490 1557 667 1606 capitulo
695 1558 745 1593 VI
792 1565 829 1593 et
872 1556 913 1593 in
946 1555 1126 1605 Epistola
1171 1558 1220 1592 ad
1252 1555 1501 1592 Jeronimum
1550 1568 1625 1604 que
1657 1554 1720 1592 sic'
1746 1555 1803 1591 in-

491 1615 604 1664 cipit:
650 1616 839 1665 Allegans
881 1616 933 1650 ad
977 1616 1048 1651 hoc
1088 1614 1307 1663 scripturas
1351 1613 1590 1662 multiplices.
1644 1615 1698 1649 Ex
1730 1613 1805 1650 ista

491 1673 624 1710 radice
658 1674 834 1710 secundo
868 1671 1051 1721 arguitur
1095 1673 1204 1720 quod
1250 1671 1382 1708 omnis
1415 1670 1539 1708 civilis
1576 1671 1806 1708 dominacio

214 1740 282 1768 The
303 1739 464 1767 affections
492 1733 612 1768 habet
644 1731 813 1768 mortale
845 1738 1057 1779 peccatum
1091 1729 1383 1767 concomitans,
1416 1732 1518 1766 Nam
1553 1729 1685 1766 omnis
1716 1728 1807 1766 talis
1825 1731 1864 1762 25

208 1774 470 1845 rssietlssi'xiiellylaiss'ss
489 1789 632 1827 viantis
666 1789 835 1826 dileccio
870 1801 913 1825 ex
946 1788 1168 1826 dileccione
1201 1787 1470 1837 proprietaria
1499 1787 1559 1824 sui
1584 1795 1621 1824 et
1642 1800 1805 1824 suorum

198 1844 475 1913 instsecjtitfffegr'aing
490 1849 667 1896 dispersa
699 1847 739 1884 in
773 1850 901 1883 Deum
937 1855 974 1883 et
1006 1846 1085 1884 alia
1117 1859 1199 1883 non
1233 1854 1291 1884 est
1322 1854 1434 1882 tanta
1468 1845 1571 1882 sicut
1616 1845 1718 1882 foret
1751 1845 1808 1881 di-

204 1914 309 1942 united
331 1922 370 1941 on
392 1906 614 1943 God.leccio
648 1905 689 1942 in
723 1907 851 1942 Deum
884 1904 1003 1942 unice
1037 1905 1217 1949 collecta,
1263 1917 1353 1941 cum
1393 1915 1464 1952 per
1497 1916 1536 1940 se
1569 1911 1708 1940 notum
1744 1903 1808 1949 sit,

490 1965 598 2012 quod
630 1963 757 2000 virtus
800 1962 913 2000 unita
959 1963 1009 1999 sit
1054 1962 1203 1999 forcior
1248 1975 1287 1999 se
1333 1961 1525 2010 dispersa.
1580 1963 1680 1998 Cum
1715 1973 1809 2009 ergo

490 2021 621 2058 omnis
653 2021 783 2058 viator
826 2021 974 2057 sufficit
1019 2022 1200 2058 deserere
1247 2019 1535 2068 proprietatem
1583 2019 1738 2056 civilem
1772 2028 1809 2055 et
1827 2022 1867 2053 '³⁷0

489 2080 734 2116 intellectum
770 2091 816 2115 ac
850 2079 1036 2116 affectum
1074 2078 1200 2126 magis
1233 2077 1351 2114 unice
1384 2077 1424 2113 in
1458 2080 1585 2114 Deum
1609 2077 1809 2125 colligere,

489 2137 670 2186 sequitur
702 2138 811 2186 quod
843 2136 1067 2173 omittendo
1108 2136 1213 2173 istud
1247 2135 1457 2173 consilium
1491 2144 1534 2172 ut
1567 2135 1623 2172 sic
1654 2145 1809 2183 peccat,

490 2195 647 2233 dicente
680 2193 904 2243 Augustino
949 2206 1069 2243 super
1112 2195 1235 2230 Math.
1270 2196 1464 2231 Sermone
1497 2195 1564 2230 III:
1611 2194 1696 2243 Ipse
1740 2193 1812 2229 sibi

490 2254 610 2303 infert
633 2252 829 2289 interitum
853 2253 918 2302 qui
938 2252 1123 2289 medentis
1141 2248 1144 2305 Ι
1163 2252 1309 2288 domini
1335 2252 1568 2301 contempnit
1596 2251 1808 2288 consilium.
1854 2250 1932 2295 197d

490 2312 755 2359 Contemptus
802 2310 908 2346 enim
952 2310 1110 2347 videtur
1165 2309 1351 2346 omittere
1397 2308 1545 2346 Christi
1596 2308 1808 2345 consilium
1828 2310 1866 2343 35

490 2369 598 2417 quod
643 2368 765 2405 scitur
810 2369 969 2405 salubre
1014 2376 1051 2405 et
1083 2368 1199 2405 facile
1233 2367 1554 2415 adimplendum,
1594 2375 1637 2403 ut
1669 2367 1809 2403 saltem

490 2426 545 2463 sic
570 2439 770 2474 ponamus
801 2435 989 2475 quartum
1024 2426 1277 2474 signaculum
1312 2425 1424 2462 cordi
1457 2434 1609 2463 nostro.
1643 2426 1811 2461 Constat

491 2484 652 2533 quidem
687 2494 883 2533 tanquam
918 2497 989 2533 per
1020 2497 1060 2521 se
1093 2493 1248 2531 notum,
1289 2485 1397 2531 quod
1436 2482 1651 2531 cogitando
1684 2481 1811 2530 magis

565 2672 606 2699 19.
629 2664 724 2692 Cod.:
745 2664 906 2692 credimus.
981 2671 1026 2691 20.
1048 2664 1143 2692 Cod.:
1166 2664 1327 2699 replentes.

568 2757 618 2778 12.
644 2747 668 2781 Ι.
696 2747 777 2778 Cor.
802 2747 855 2788 III⁷
888 2758 938 2781 11.
1046 2748 1095 2780 13.
1121 2748 1183 2779 Est
1201 2748 1324 2779 Sermo
1353 2747 1458 2778 CXIV
1482 2746 1696 2788 Appendicis
1719 2746 1812 2787 Opp.

496 2801 577 2825 tom.
602 2794 645 2833 V,
677 2794 766 2835 App.
799 2804 831 2835 p.
870 2792 941 2826 186.
1054 2803 1105 2825 21.
1143 2800 1229 2826 tom.
1259 2793 1346 2836 VIII,
1383 2793 1457 2826 503.
1567 2802 1618 2825 22.
1651 2798 1734 2824 tom.
1774 2792 1811 2832 II,

498 2839 557 2873 583
574 2838 618 2881 (ἓ)
719 2840 769 2873 33.
796 2839 888 2881 Opp.
915 2846 1001 2872 tom.
1020 2840 1062 2883 V,
1088 2841 1176 2882 App.
1209 2838 1280 2871 118.
