2050 3292
207 229 287 278 646>

259 1682 421 1711 Founders
442 1682 477 1709 of

266 1718 380 1753 abbeys
402 1716 461 1744 and

252 1752 406 1781 chantries
428 1759 478 1779 are

308 1788 421 1822 mostly

284 1822 448 1851 mistaken.

915 230 974 261 DE
1003 230 1139 261 CIVILI
1166 229 1377 265 DOMINIO.
1564 223 1667 268 [CAP-
1682 227 1806 255 XXVII-

495 336 754 387 participabit
793 337 932 372 merito
971 335 1043 371 nisi
1088 335 1281 383 cogitetur
1325 335 1478 383 private
1517 336 1565 371 de
1597 335 1665 372 illo
1698 345 1735 373 et
1766 345 1811 373 ut

497 394 710 444 specialius
743 393 953 441 cogitatur,
987 393 1043 429 sic
1075 393 1139 429 ille
1171 392 1426 440 singulariter
1458 393 1677 430 alleviatur.
1722 396 1812 431 Non

498 454 566 499 sic,
601 454 669 489 sed
702 451 888 488 meritum
924 451 1088 488 ecclesie
1120 459 1159 487 et
1191 450 1392 498 capacitas
1424 452 1485 487 vel
1517 450 1689 499 dignitas
1721 466 1811 500 pur-

498 510 617 560 gandi
633 518 865 548 mensurant
880 508 1135 558 participium
1152 508 1420 545 alleviacionis
1438 518 1474 545 et
1493 509 1812 547 abbreviacionis

500 581 613 619 pene,
661 567 716 604 sic
760 568 869 615 quod
914 566 1123 603 assistente
1168 566 1312 603 maiori
1365 566 1508 603 merito
1560 567 1726 604 ecclesie
1777 576 1848 609 et5

501 627 652 664 maiore
686 624 910 673 capacitate
942 624 1102 673 purgati
1134 625 1223 672 plus
1255 623 1523 672 participatur
1545 626 1592 661 de
1626 626 1815 663 thezauro

502 684 680 730 ecclesie,
725 684 815 719 licet
859 690 1135 731 promerentes
1179 681 1301 719 nichil
1345 681 1604 730 cogitaverint
1643 684 1692 720 de
1723 697 1817 732 pur-

501 743 645 791 gando,
680 740 773 789 quia
797 740 1004 789 quodlibet
1029 742 1211 776 meritum
1236 739 1402 777 ecclesie
1435 741 1599 788 prodest
1631 741 1818 778 omnibus

503 810 539 837 et
583 799 761 847 singulus
805 798 1024 835 secundum
1065 810 1179 834 suam
1213 797 1458 845 dignitatem.
1504 799 1552 834 Et
1589 798 1646 835 sic
1678 798 1820 836 intelli-

504 858 676 907 gendum
724 864 782 893 est
826 855 976 892 dictum
1027 855 1221 892 Jeronimi
1265 854 1440 903 positum
1487 855 1528 891 in
1572 856 1740 893 decretis
1773 857 1878 896 dexo

505 913 826 953 Consecracione
871 913 1131 950 distinccione
1168 914 1215 951 V.
1268 913 1355 949 Non
1400 913 1669 960 mediocriter,·
1720 927 1819 962 cum,

505 972 648 1022 inquit,
681 984 757 1021 pro
797 972 941 1008 cunctis
979 969 1184 1008 animabus
1216 971 1393 1020 psalmus
1425 972 1486 1007 vel
1517 971 1634 1008 missa
1666 972 1819 1019 dicitur,

507 1031 621 1068 nichil
651 1030 776 1066 minus
808 1030 909 1066 valet
941 1042 1054 1078 quam
1082 1029 1117 1065 si
1131 1040 1208 1078 pro
1231 1029 1396 1077 quolibet
1417 1029 1590 1078 ipsorum
1613 1030 1819 1068 diceretur.

507 1091 590 1126 Nec
621 1089 734 1124 obest
766 1087 840 1123 hiis
872 1086 990 1125 dictis
1023 1087 1132 1135 quod
1164 1087 1437 1123 accelerentur
1459 1099 1549 1123 cum
1575 1086 1822 1125 discrecione

509 1145 725 1184 elemosine
769 1158 843 1193 pro
883 1144 1092 1190 defunctis,
1138 1144 1232 1192 quia
1277 1145 1325 1180 de
1369 1152 1483 1181 tanto
1522 1145 1610 1193 plus
1650 1155 1824 1183 meretur
1844 1153 1881 1185 15

511 1205 676 1242 ecclesia
704 1212 742 1240 et
765 1216 836 1251 per
859 1214 1107 1250 consequens
1130 1203 1329 1239 redundat
1352 1203 1502 1238 bonum
1526 1203 1637 1239 omni
1661 1205 1825 1241 ecclesie

511 1272 547 1299 et
580 1261 823 1309 dampnatis.
857 1262 935 1298 Sed
966 1272 1048 1297 non
1083 1268 1140 1296 est
1173 1260 1416 1296 credendum
1451 1262 1559 1308 quod
1598 1261 1826 1309 specialiter

511 1321 644 1358 anima
667 1327 898 1367 potentatus
920 1317 1156 1355 liberabitur
1179 1330 1250 1365 per
1273 1317 1504 1354 huiusmodi
1528 1318 1826 1357 multitudinem

514 1378 726 1415 missarum
750 1378 811 1414 vel
835 1375 1148 1414 elemosinarum
1171 1374 1258 1412 aliis
1283 1375 1559 1424 capacioribus
1583 1377 1828 1426 participan-

511 1436 629 1485 tibus,
664 1448 752 1472 cum
788 1435 1054 1472 communiter
1086 1445 1282 1482 pauperes
1317 1435 1469 1470 mundo
1498 1434 1693 1482 incogniti
1716 1444 1830 1473 erant
1845 1451 1887 1472 20

516 1493 644 1530 maior
677 1505 797 1529 causa
829 1492 947 1529 huius
978 1491 1074 1528 boni
1097 1491 1243 1539 operis,
1277 1503 1397 1540 quam
1429 1491 1559 1528 dictus
1581 1501 1828 1541 potentatus,

521 1565 609 1588 nam
644 1550 870 1588 dominacio
904 1549 1030 1587 civilis
1061 1562 1142 1586 non
1174 1557 1329 1586 tanturn
1363 1559 1574 1598 promovet
1605 1552 1656 1587 ad
1679 1550 1828 1588 dictam

518 1608 783 1657 capacitatem
817 1607 1007 1657 suffragii,
1041 1607 1143 1644 sicut
1175 1615 1391 1655 paupertas
1424 1608 1665 1656 evangelica.

576 1669 630 1703 Ex
692 1679 771 1715 quo
823 1674 931 1714 patet
984 1665 1090 1714 quod
1141 1665 1356 1702 fundantes
1407 1675 1621 1715 perpetuas
1679 1667 1826 1704 elemo-
1867 1674 1889 1704 S

517 1725 623 1761 sinas
675 1723 715 1760 in
760 1723 951 1770 abbaciis,
1006 1722 1194 1760 cantariis
1248 1732 1285 1760 et
1330 1723 1558 1760 elemosinis
1602 1724 1887 1763 huiusmodi25

519 1795 561 1819 ex
606 1781 823 1819 affeccione
868 1780 1137 1830 proprietaria
1181 1789 1224 1816 ut
1267 1781 1487 1829 plurimum
1532 1791 1623 1819 sunt
1661 1782 1831 1831 decepti.

519 1839 700 1877 Christus
759 1840 863 1876 enim
925 1848 962 1876 et
1019 1840 1076 1875 sui
1133 1839 1307 1887 apostoli
1360 1840 1505 1876 docent
1559 1841 1697 1877 melius
1749 1853 1833 1878 esse

518 1899 625 1946 quod
670 1897 912 1946 temporalia
959 1895 1142 1933 minutim
1191 1908 1302 1933 more
1347 1897 1480 1945 pluvie
1522 1897 1601 1934 sint
1640 1898 1832 1946 dispersa.

520 1955 610 1992 Ideo
672 1954 768 1992 dicit
825 1956 931 1993 Beda
982 1951 988 2008 1
1039 1953 1081 1990 in
1133 1953 1313 2002 Epistola
1374 1956 1424 1992 ad
1485 1955 1833 2005 archiepiscopum
1851 1960 1932 1994 260ο

520 2015 814 2050 Eboracensem
861 2014 969 2061 quod
1011 2012 1240 2049 donaciones
1284 2024 1422 2063 regum
1461 2014 1603 2064 Anglie
1647 2015 1835 2051 bonorum
1852 2021 1895 2053 30

521 2071 677 2107 ecclesie
708 2078 818 2107 erant
849 2071 1087 2111 stultissime,
1119 2071 1168 2106 Et
1189 2069 1221 2106 si
1244 2070 1417 2107 obicitur
1439 2073 1547 2120 quod
1570 2084 1652 2108 non
1674 2073 1837 2120 prodest

521 2129 628 2166 iuxta
660 2128 777 2165 istam
812 2130 1055 2166 sentenciam
1089 2129 1235 2165 habere
1268 2130 1442 2176 privatos
1470 2137 1663 2181 oratores,
1696 2129 1837 2167 dicitur

522 2186 785 2235 probabiliter
836 2187 944 2235 quod
996 2187 1084 2234 plus
1136 2186 1260 2223 officit
1304 2188 1467 2225 ecclesie
1512 2200 1633 2236 quarn
1680 2187 1838 2236 proficit

233 2268 315 2296 Evils
336 2265 447 2295 caused
470 2265 508 2301 by
523 2254 687 2293 propter
720 2245 860 2281 multa.
894 2243 1030 2281 Primo
1064 2243 1157 2292 quia
1180 2244 1275 2281 facit
1297 2244 1529 2294 superstites
1557 2246 1661 2283 fastu
1684 2245 1838 2294 percuti

333 2302 408 2340 such

265 2338 447 2365 foundation
454 2344 477 2362 s.

523 2303 563 2339 in
586 2302 813 2340 ordinando
836 2310 926 2351 post
947 2314 988 2339 se
1012 2301 1252 2339 elemosinas
1274 2304 1375 2340 tales
1397 2312 1626 2352 perpetuas,
1660 2305 1838 2341 secundo
1854 2307 1895 2342 35

524 2360 619 2409 quia
663 2360 757 2397 facit
801 2361 907 2397 bona
951 2359 1117 2397 ecclesie
1154 2360 1330 2398 indebite
1369 2360 1553 2397 distribui
1596 2361 1839 2410 pauperibus

524 2426 688 2467 propter
722 2417 1099 2467 appropriacionem
1132 2418 1417 2467 temporalium
1453 2420 1502 2456 ad
1536 2432 1700 2456 manum
1734 2432 1839 2456 mor-

525 2485 650 2523 tuam,
703 2475 829 2513 tercio
881 2475 975 2524 quia
1017 2476 1114 2513 facit
1165 2476 1305 2514 divites
1358 2477 1599 2514 dimittendo
1651 2477 1837 2515 meritum

528 2668 753 2732 EboffiimCoda
776 2669 915 2705 psalmus
940 2670 987 2697 vel
1011 2670 1103 2697 missa
1127 2669 1244 2699 dicitur
1270 2671 1366 2699 deest.
1438 2679 1487 2707 29,
1516 2671 1563 2700 30.
1590 2671 1686 2700 Cod.t
1716 2671 1840 2701 Archen-

605 2798 656 2820 11.
680 2788 819 2820 Decreti
847 2788 947 2820 tertia
973 2799 1064 2831 pars,
1092 2789 1169 2821 dist.
1195 2791 1237 2831 V,
1265 2800 1340 2832 cap.
1367 2789 1486 2823 XXIV.
1584 2799 1637 2834 29.
1663 2791 1772 2833 Epist.
1799 2791 1840 2822 ad

530 2835 721 2875 Egbertum
749 2835 947 2878 antistitem,
974 2836 1099 2877 Migne,
1126 2843 1198 2867 tom
1223 2836 1341 2879 XCIV,
1368 2847 1400 2878 p.
1427 2835 1506 2868 622.
