2050 3292
224 229 311 256 cm).
340 218 422 271 xx]
692 230 826 260 maiza
855 229 1065 260 TERTIUS
1740 229 1820 267 405

222 349 312 374 nem
348 349 391 373 ex
425 335 558 384 gracia
593 344 629 371 et
664 335 882 372 elemosina
927 334 1165 371 secularium
1209 333 1462 371 dominorum
1499 342 1535 371 et

223 395 277 432 sic
311 396 358 430 de
392 393 666 441 contencione,
703 393 945 442 repeticione
979 401 1015 429 et
1063 391 1334 429 debellacione
1369 392 1408 428 in
1448 391 1533 440 qui-

223 455 294 489 bus
318 453 423 488 bona
456 450 619 488 ecclesie
652 452 871 488 secundum
902 451 1029 498 legem
1065 449 1334 498 evangelicam
1370 449 1536 486 civiliter

224 510 448 557 exiguntur3
495 517 531 545 et
575 508 631 545 sic
676 509 903 557 quicunque
936 507 1191 556 occupaverit
1223 509 1327 544 bona
1372 507 1536 544 ecclesie

191 568 402 613 §clericum
437 568 556 603 habet
588 566 673 614 ipsa
706 567 839 603 forsan
872 565 1009 602 utilius
1042 565 1083 602 in
1105 564 1228 613 laycis
1253 578 1372 613 quam
1397 564 1428 602 si
1452 564 1536 612 ipse

223 626 262 661 in
296 637 465 673 persona
504 623 668 672 propria
710 623 966 661 ministraret.
1016 623 1125 660 Unde
1159 635 1207 659 ne
1241 622 1367 659 nostri
1402 622 1535 659 clerici

226 683 406 719 maniace
450 683 733 718 subvertantur
778 682 828 718 ad
859 683 1053 727 seculum,
1099 680 1356 729 disponentes
1401 689 1442 716 ut
1481 680 1536 716 sic

224 738 566 789 propinquissime
599 741 648 775 ad
676 739 981 785 Antichristum‚
1017 737 1229 787 expediens
1263 747 1319 775 est
1353 738 1535 775 doctores

225 797 472 846 evangelicos
513 798 724 845 explanare
765 797 1027 845 proprietates
1066 806 1102 833 et
1148 795 1433 833 distincciones
1468 798 1535 831 do—

172 873 209 893 10
226 856 337 892 minii
377 854 626 901 clericorum,
669 864 704 890 et
744 856 942 891 seculares
983 854 1168 890 dominos
1208 855 1364 890 auferre
1398 855 1446 890 ab
1481 854 1535 889 eis

225 926 325 950 onus
360 912 567 949 ministerii
602 912 845 961 huiusmodi,
885 912 913 949 si
959 911 1132 948 viderint
1171 924 1236 948 eos
1284 925 1305 948 a
1345 911 1537 959 religione

226 970 371 1008 Christi
415 982 586 1017 aversos,
631 970 685 1006 sic
732 972 837 1018 quod
884 982 927 1006 ex
972 969 1198 1005 inordinata
1239 969 1455 1005 affeccione
1502 977 1538 1004 et

226 1031 352 1065 abusu
389 1027 674 1076 temporalium
715 1041 793 1064 non
833 1028 881 1064 sit
920 1027 1084 1063 ulterius
1124 1040 1224 1074 opus
1265 1027 1537 1063 misericordie

108 1092 182 1125 1630
228 1087 456 1123 ministrare
489 1085 584 1133 ipsis
618 1086 856 1122 elemosinas
890 1086 1196 1133 dispensandas;
1236 1085 1367 1133 primo
1396 1080 1400 1137 Ι
1430 1084 1535 1121 enim

174 1151 385 1193 15oportet
431 1143 608 1191 incipere
658 1143 956 1180 correccionem
1002 1156 1023 1179 a
1066 1143 1187 1179 domo
1227 1143 1400 1187 Domini,
1448 1155 1535 1177 cum

227 1204 481 1239 sacerdotum
517 1201 717 1238 correccio
748 1210 930 1238 causaret
963 1201 1259 1237 correccionem
1296 1200 1536 1236 secularium

228 1260 499 1297 dominorum.

541 1411 872 1459 CAPITULUM
903 1411 1229 1458 VICESIMUM.

287 1539 469 1576 Secunda
502 1539 628 1586 vulpis
662 1538 819 1587 gravior
853 1537 1072 1573 demoliens
1105 1537 1239 1573 vineas
1268 1537 1415 1574 Christi
1450 1549 1540 1584 pro·
1584 1541 1725 1581 Another
1746 1543 1797 1569 fox

173 1597 390 1634 2ofundius
435 1605 492 1633 est
537 1598 666 1633 clerus
713 1605 847 1632 noster
892 1595 1269 1643 inpossessionatus,
1323 1595 1459 1631 dicens
1505 1603 1541 1629 ct
1567 1576 1819 1638 thabsfipffisthe

229 1655 399 1703 pallians
438 1656 546 1703 quod
586 1654 677 1690 licet
719 1654 773 1690 eis
828 1655 975 1689 habere
1009 1653 1203 1701 quotlibet
1237 1653 1414 1689 dominia
1449 1646 1824 1715 civi-‘szgssifjgssefihe

229 1713 316 1749 liter
348 1713 387 1748 in
422 1712 640 1749 communi.
690 1714 735 1747 Et
769 1721 825 1747 est
858 1712 933 1747 ista
966 1711 1093 1759 vulpis
1126 1712 1292 1758 parvula
1332 1710 1539 1758 bipartita:
1636 1702 1644 1707 „
1672 1702 1696 1707 *i
1796 1701 1818 1707 υ

228 1780 271 1806 ut
304 1770 358 1806 hii
391 1770 528 1806 dicunt
562 1771 669 1818 quod
702 1769 793 1806 licet
824 1769 1104 1805 communitati
1129 1768 1327 1804 dominari
1361 1768 1400 1803 in
1434 1781 1543 1804 com-

232 1828 341 1864 muni
376 1827 543 1864 civiliter
582 1841 669 1863 cum
697 1828 772 1863 hoc
807 1829 912 1874 quod
948 1827 1055 1862 nulla
1090 1826 1172 1862 eius
1206 1838 1376 1874 persona
1410 1826 1543 1862 taliter

174 1891 212 1922 25
231 1886 469 1927 dominetur,
504 1895 545 1922 ut
567 1885 669 1921 sicut
693 1885 755 1921 isti
779 1886 910 1921 ferunt
934 1885 1107 1932 lapidem
1132 1886 1199 1920 sed
1222 1885 1354 1919 nullus
1390 1896 1541 1925 eorum,

231 1944 286 1980 sic
319 1943 382 1979 isti
428 1943 560 1979 clerici
595 1943 858 1979 dominantur
889 1942 1067 1978 civiliter.
1106 1942 1196 1978 Alia
1219 1942 1279 1977 via
1309 1941 1403 1978 dicit
1437 1943 1543 1989 quod

232 2001 305 2049 ipsi
328 2000 612 2049 possessionati
636 2000 737 2036 sicut
760 2000 927 2048 quilibet
957 2013 1095 2036 eorum
1121 1999 1353 2035 dominatur
1377 1998 1544 2035 civiliter

232 2060 303 2095 sed·
332 2059 460 2095 solum
497 2059 535 2094 in
569 2059 786 2096 communi.

291 2118 439 2153 Contra
485 2116 656 2164 primam
704 2116 874 2151 instatur
919 2115 1148 2162 tripliciter:
1195 2115 1326 2162 primo
1366 2127 1435 2162 per
1468 2115 1544 2150 hoc
1646 2119 1739 2146 If¹l1e

176 2175 339 2223 3oquod
384 2174 515 2210 omnis
561 2183 597 2210 et
641 2174 785 2221 singuli
832 2174 1080 2210 conferentes
1125 2174 1282 2220 pondus
1328 2185 1417 2208 cum
1459 2172 1543 2208 aliis
1560 2154 1833 2216 coi-poggltsesbody

233 2233 362 2268 ferunt
386 2232 532 2280 ipsum,
568 2232 660 2279 quia
685 2231 797 2267 aliter
820 2243 938 2267 nemo
963 2232 1080 2267 ferret
1116 2232 1272 2278 pondus
1305 2231 1364 2266 vel
1397 2231 1544 2267 faceret
1561 2228 1820 2285 ΡΙΞῩΟΡᾏξΓὺῐὲζἛΟζ-Οξξ

233 2290 403 2337 quodvis
436 2302 556 2338 opus3
591 2298 632 2325 ut
666 2289 806 2325 diffuse
840 2289 937 2325 alias
971 2289 1153 2336 exposui3
1188 2289 1306 2336 igitur
1328 2288 1383 2324 sic
1409 2297 1465 2324 est
1498 2289 1544 2324 de
1578 2294 1604 2320 is
1626 2301 1662 2320 an
1686 2300 1803 2319 owner-

232 2347 528 2384 dominacione.

291 2407 401 2449 Item,
448 2418 536 2441 cum
578 2416 696 2441 omne
739 2403 961 2440 dominium
1003 2403 1052 2440 sit
1091 2404 1302 2440 dominum
1344 2402 1544 2438 dominari

177 2468 215 2500 35
235 2465 328 2499 dato
374 2462 477 2499 civili
523 2462 702 2499 dominio
743 2475 821 2510 quo
860 2461 950 2498 talis
990 2461 1260 2498 communitas
1300 2460 1544 2503 dominatur,

234 2529 392 2568 oportet
413 2522 506 2557 dare
530 2520 751 2556 subiectum
784 2519 888 2555 illius
913 2519 1093 2563 dominii,
1128 2520 1236 2567 quod
1270 2526 1429 2566 oportet
1463 2530 1546 2554 esse

235 2578 456 2625 dominum,
492 2587 529 2614 et
562 2591 651 2614 cum
678 2577 863 2614 accidens
896 2590 975 2613 non
1008 2585 1136 2625 potest
1171 2576 1343 2624 migrare
1376 2577 1422 2611 de
1456 2577 1545 2611 sub-

235 2636 337 2672 iecto
371 2636 411 2671 in
443 2636 681 2678 subiectum,
716 2635 896 2683 sequitur
930 2637 1036 2683 quod
1073 2634 1239 2682 quilibet
1263 2647 1400 2669 eorum
1428 2635 1546 2669 habet

236 2693 459 2730 dominium
506 2694 728 2741 proprium,
775 2693 876 2728 sicut
910 2693 1072 2729 haberet
1118 2693 1201 2740 ipse
1240 2691 1327 2739 ipso
1368 2692 1452 2727 solo
1487 2704 1545 2727 re-

307 2839 330 2866 3.
353 2840 447 2868 Cod.:
470 2840 499 2866 in
521 2840 663 2867 civiliter.
739 2840 777 2865 113.
802 2839 897 2866 Cod.:
919 2846 1059 2866 causare.
