2050 3292
257 229 344 257 CAP.
366 220 473 268 xx11.]
727 230 862 262 LIBER
889 228 1099 262 TERTIUS.

255 336 476 385 practicum
515 348 585 384 per
626 335 853 382 consilium,
904 337 1037 383 quoad
1087 334 1272 371 affectum
1325 335 1561 382 deponendo

254 394 460 431 tristiciam
507 407 576 442 per
621 393 959 438 consolacionem,
1006 393 1139 440 quoad
1186 391 1468 439 operacionem
1504 391 1560 427 in-

254 452 398 489 iustam
439 452 477 487 in
538 459 730 499 quantum
771 449 953 498 procedit
992 452 1040 486 ab
1079 449 1307 486 inordinata
1358 449 1560 486 voluntate

254 523 324 558 per
346 522 560 557 supernam
583 508 901 557 correpeionem,
926 507 967 543 in
986 515 1180 556 quantum
1204 508 1424 544 secundum
1440 508 1558 544 talem

220 567 452 604 §iusticiam
471 575 715 615 respectatur
733 566 772 602 in
790 565 1016 614 proximum
1040 578 1110 613 per
1129 565 1250 601 debiti
1269 565 1559 610 dimissionem,

254 627 387 674 quoad
411 637 626 673 gravamen
663 623 991 661 conveniencium
1030 631 1161 671 preter
1193 623 1397 671 peccantis
1430 623 1559 659 inten-

254 683 408 720 cionem
472 695 542 731 per
603 684 841 730 prudentem
892 681 1245 729 supportacionem
1305 680 1411 717 iuxta
1463 679 1559 716 illud

253 743 367 780 Rom.
390 741 469 787 XV,
492 752 530 778 1:
560 740 754 776 Debemus
785 752 853 776 nos
885 739 1090 789 firmiores
1121 738 1363 788 infirmitates
1394 738 1559 774 aliorum

246 806 425 847 portare,
472 798 578 834 iuxta
620 797 717 835 illud
762 797 861 833 Gall.
896 797 961 841 VI,
1004 808 1046 835 2:
1085 796 1197 833 Alter
1233 796 1395 833 alterius
1442 808 1560 832 onera

139 859 214 902 187⁰
247 864 406 905 portate
437 857 546 904 quod
585 854 765 892 consistit
796 867 877 891 non
914 854 956 890 in
996 866 1157 891 assensu
1196 855 1245 890 ad
1278 854 1430 890 facinus
1458 849 1463 906 Ι
1491 854 1560 890 sed

251 914 291 950 in
335 913 523 950 continua
578 921 615 949 et
666 912 793 949 solida
846 911 1127 958 meditacione,
1181 911 1405 948 sufferendo
1438 912 1560 948 recal-

251 971 429 1008 citrantis
462 969 640 1017 iniurias,
673 970 773 1007 sicut
796 970 974 1006 medicus
1011 969 1109 1018 ligat
1141 969 1312 1006 amicum
1348 977 1385 1006 et
1417 968 1562 1005 scindit

249 1030 310 1065 vel
342 1028 558 1066 cauterizat
595 1027 721 1065 eciam
756 1029 1075 1076 exprobrantem.

308 1089 386 1124 Sed
409 1086 502 1135 quia
520 1086 760 1122 offendimus
784 1085 824 1121 in
845 1088 985 1131 Deum,
1011 1085 1122 1122 cuius
1141 1084 1290 1122 offense
1313 1084 1559 1133 impertinens

198 1149 234 1181 15
251 1153 307 1181 est
342 1144 456 1181 nobis
491 1143 687 1188 remissio,
720 1156 792 1180 nec
827 1151 1006 1191 superest
1036 1143 1304 1191 pertinencius
1327 1142 1559 1190 suffragium

251 1211 408 1239 mortuo
440 1215 561 1250 quam
595 1203 737 1238 devota
769 1201 920 1248 oracio,
955 1201 1044 1237 ideo
1077 1202 1268 1237 debemus
1299 1213 1372 1248 pro
1396 1201 1559 1248 singulis

248 1273 318 1309 per
351 1262 534 1297 devotam
573 1260 801 1297 oracionem
842 1268 975 1307 petere
1014 1258 1203 1295 auxilium
1238 1271 1259 1294 a
1291 1258 1479 1308 Domino,
1517 1266 1560 1294 ut

248 1319 332 1366 ipse
376 1318 512 1354 iniciet
556 1317 743 1354 auxilium
791 1326 827 1353 et
877 1317 1060 1365 suppleat
1110 1317 1286 1353 defectus
1331 1316 1558 1364 reciprocos

249 1377 522 1413 membrorum
557 1375 735 1412 ecclesie.

1767 221 1846 270 463

190 1446 232 1468 20
305 1436 360 1470 Ex
403 1434 488 1470 istis
533 1433 650 1470 alias:
696 1432 736 1470 Si
771 1434 875 1469 Deus
915 1432 1096 1477 voluerit,
1144 1431 1284 1468 diffuse
1328 1432 1559 1468 fundabitur
1585 1439 1609 1467 It
1629 1439 1655 1466 is
1674 1447 1785 1474 wrong
1804 1445 1835 1467 to

1571 1475 1639 1501 take
1658 1474 1738 1501 from
1760 1475 1787 1502 ki
1794 1483 1849 1510 ngs

247 1493 354 1540 quod
398 1491 589 1528 iniustum
635 1499 692 1527 est
735 1490 903 1527 aufferre
948 1504 971 1528 a
1008 1490 1166 1537 regibus
1198 1498 1235 1527 et
1267 1489 1343 1537 piis
1377 1489 1556 1537 patronis
1572 1510 1631 1536 and
1653 1510 1849 1544 patronsthe

247 1550 307 1585 ius
340 1548 596 1597 presentandi
630 1549 856 1585 sacerdotes
888 1549 1064 1596 ydoneos
1098 1549 1146 1584 ad
1180 1560 1315 1583 curam
1352 1556 1389 1583 et
1410 1560 1555 1595 prepo-

247 1607 412 1644 situram
465 1607 712 1655 spiritualem
767 1606 806 1642 in
851 1619 922 1642 suo
969 1605 1169 1654 dominio;
1220 1613 1407 1641 tenentur
1452 1605 1556 1641 enim

247 1666 412 1702 reddere
452 1665 668 1702 racionem.
709 1664 830 1712 Igitur
862 1663 1042 1712 iniquum
1082 1671 1139 1700 est
1177 1663 1333 1710 ineptos
1373 1662 1469 1711 ipsis
1502 1663 1559 1700 in-

190 1722 334 1759 25vitis
372 1723 573 1760 inducere.
627 1723 740 1759 Unde
779 1722 866 1757 iura
904 1721 1078 1757 limitant
1118 1720 1172 1757 eis
1211 1721 1271 1756 ius
1304 1721 1558 1769 presentandi

246 1783 437 1828 ydoneos,
470 1788 513 1816 ut
544 1788 654 1828 patet
684 1781 768 1816 XVI
803 1779 1012 1828 questione
1038 1780 1105 1815 VII
1138 1779 1395 1815 Decet-nimus
1427 1788 1464 1816 et
1496 1792 1559 1815 ca-

177 1840 206 1872 G
245 1838 371 1887 pitulo
416 1839 698 1875 Monasteriunz
745 1850 833 1874 cum
880 1837 1015 1873 multis
1058 1836 1270 1874 similibus.
1324 1837 1559 1874 Consideret

244 1896 364 1944 igitur
408 1909 473 1933 rex
518 1904 555 1932 et
598 1896 828 1944 quicunque
873 1894 1062 1931 secularis
1096 1894 1321 1943 prepositus
1355 1896 1558 1943 quomodo

245 1955 494 1991 durissimum
528 1954 708 1990 iudicium
742 1954 815 1989 hiis
848 1954 910 2001 qui
937 1960 1099 2002 presunt
1119 1953 1195 2002 fiet
1239 1952 1279 1988 in
1313 1952 1375 1988 die
1408 1952 1558 1995 iudicii,

188 2016 229 2048 30
244 2012 469 2060 specialiter
509 2013 557 2047 de
597 2011 780 2048 doctrina
812 2013 887 2047 vite
919 2011 1028 2047 verbi
1062 2019 1098 2047 et
1136 2010 1289 2058 operis;
1338 2010 1560 2046 consideret

245 2071 421 2107 secundo
445 2083 564 2118 quam
589 2068 760 2105 faciliter
784 2077 822 2105 et
843 2077 925 2104 tute
948 2069 1065 2105 debet
1089 2077 1126 2104 et
1147 2068 1296 2104 sufficit
1328 2069 1559 2104 subtrahere

245 2141 357 2165 suam
399 2126 659 2164 elemosinam
693 2128 753 2164 vel
794 2126 1065 2164 defensionem
1109 2138 1131 2162 a
1164 2125 1310 2163 clerico
1344 2125 1559 2161 iniuriante

131 2187 207 2230 187d
245 2186 499 2234 pauperibus,
544 2198 593 2221 ne
638 2184 811 2233 peccatis
857 2184 940 2221 eius
980 2183 1238 2221 consenciens
1267 2181 1273 2236 Ι
1302 2192 1558 2232 pregravetur

248 2243 414 2280 crimine
447 2243 590 2279 alieno.
624 2245 673 2279 Et
704 2244 824 2280 credo
859 2244 967 2291 quod
1000 2241 1299 2290 exasperabitur
1332 2243 1381 2277 ad
1415 2243 1558 2278 abusas

190 2304 228 2336 35
246 2301 484 2338 elemosinas
528 2302 857 2339 subtrahendum.
911 2302 1009 2337 Nam
1056 2312 1130 2336 nec
1173 2298 1293 2336 vetati
1341 2298 1558 2336 sacerdotis

247 2359 417 2407 dignitas
461 2371 534 2395 nec
579 2358 947 2395 excommunicacio
991 2370 1064 2394 nec
1108 2356 1242 2405 aliqua
1288 2357 1557 2394 ecclesiastica

191 2424 194 2427 ’
248 2429 428 2463 censura,
463 2430 550 2453 cum
586 2430 666 2453 non
698 2416 795 2464 ligat
827 2416 867 2452 in
891 2429 983 2453 casu
1006 2416 1081 2453 isto
1105 2416 1239 2463 quoad
1262 2415 1406 2461 Deum,
1442 2416 1559 2451 debet

248 2477 448 2512 retrahere
492 2475 613 2511 alieni
657 2474 895 2511 execucione
938 2474 1055 2510 huius
1100 2481 1138 2510 et
1169 2472 1306 2520 legam
1353 2472 1409 2509 sic
1454 2474 1557 2509 enim

247 2533 374 2570 David
398 2532 605 2581 ampliavit
628 2533 778 2569 cultum
809 2534 1061 2571 sacerdotum
1081 2543 1198 2579 quem
1218 2530 1313 2566 Saul
1331 2529 1558 2577 extinxerat,

316 2668 340 2695 5.
373 2669 576 2702 respectatur,
609 2666 662 2694 sic.
690 2667 784 2694 Cod.:
820 2669 990 2701 repellatur
1017 2667 1082 2694 sive
1113 2669 1299 2702 repectatur.
1380 2666 1409 2692 6.
1438 2672 1558 2701 grava-

244 2710 313 2729 men
324 2703 369 2736 (5²)
396 2702 482 2728 cod.:
514 2710 659 2737 gramen.
750 2709 796 2728 20.
817 2702 917 2734 alias;
943 2701 1035 2728 sicin
1063 2701 1131 2729 cod.
1160 2701 1271 2728 rectius
1298 2700 1404 2728 elicias
1430 2704 1480 2726 aut
1505 2699 1560 2726 ali-

268 2737 546 2798 uogohuiusmodi.
627 2735 671 2763 38.
698 2735 798 2763 alieni
821 2736 1022 2769 execucione;
1042 2736 1083 2764 ita
1103 2736 1172 2763 cod.
1257 2734 1303 2770 39.
1324 2734 1441 2767 David;
1461 2734 1557 2762 Cod.:

268 2780 309 2799 an
359 2793 364 2798 .

318 2830 370 2863 26.
398 2831 481 2872 Cap.
508 2830 630 2861 XXXII
658 2838 689 2862 et
715 2831 864 2862 XXXIII.
962 2841 1015 2874 29.
1042 2832 1119 2872 Sap.
1138 2830 1194 2870 VI,
1222 2829 1253 2862 6.

1646 1543 1729 1579 right
1748 1544 1783 1571 of

1600 1579 1778 1614 presenting
1798 1579 1829 1606 fit

1626 1621 1756 1648 persons
1776 1618 1807 1640 to

1639 1648 1799 1675 benefices.
