<?xml version="1.0" encoding="UTF-8"?>
<!DOCTYPE html PUBLIC "-//W3C//DTD XHTML 1.0 Transitional//EN"
    "http://www.w3.org/TR/xhtml1/DTD/xhtml1-transitional.dtd">
<html xmlns="http://www.w3.org/1999/xhtml" xml:lang="en" lang="en">
 <head>
  <title>
</title>
<meta http-equiv="Content-Type" content="text/html;charset=utf-8" />
  <meta name='ocr-system' content='tesseract 3.04.00' />
  <meta name='ocr-capabilities' content='ocr_page ocr_carea ocr_par ocr_line ocrx_word'/>
</head>
<body>
  <div class='ocr_page' id='page_1' title='image "./decivilidominio04wycl_0280.png"; bbox 0 0 2050 3292; ppageno 0'>
   <div class='ocr_carea' id='block_1_1' title="bbox 220 223 302 271">
    <p class='ocr_par' dir='ltr' id='par_1_1' title="bbox 220 223 302 271">
     <span class='ocr_line' id='line_1_1' title="bbox 220 223 302 271; baseline -0.012 -11"><span class='ocrx_word' id='word_1_1' title='bbox 220 223 302 271; x_wconf 81' lang='lat'>630</span> 
     </span>
    </p>
   </div>
   <div class='ocr_carea' id='block_1_2' title="bbox 219 1037 493 1214">
    <p class='ocr_par' dir='ltr' id='par_1_2' title="bbox 219 1037 493 1214">
     <span class='ocr_line' id='line_1_2' title="bbox 279 1037 432 1065; baseline 0.007 -1"><span class='ocrx_word' id='word_1_2' title='bbox 279 1038 324 1064; x_wconf 91' lang='lat' dir='ltr'>At</span> <span class='ocrx_word' id='word_1_3' title='bbox 344 1037 432 1065; x_wconf 83' lang='lat' dir='ltr'>death</span> 
     </span>
     <span class='ocr_line' id='line_1_3' title="bbox 255 1072 458 1100; baseline 0 -1"><span class='ocrx_word' id='word_1_4' title='bbox 255 1080 326 1100; x_wconf 86' lang='lat' dir='ltr'>man</span> <span class='ocrx_word' id='word_1_5' title='bbox 348 1072 458 1100; x_wconf 77' lang='lat' dir='ltr'>should</span> 
     </span>
     <span class='ocr_line' id='line_1_4' title="bbox 302 1108 414 1135; baseline 0.009 -1"><span class='ocrx_word' id='word_1_6' title='bbox 302 1111 358 1135; x_wconf 90' lang='lat' dir='ltr'>not</span> <span class='ocrx_word' id='word_1_7' title='bbox 379 1108 414 1135; x_wconf 91' lang='lat' dir='ltr'>be</span> 
     </span>
     <span class='ocr_line' id='line_1_5' title="bbox 238 1143 483 1177; baseline 0 -8"><span class='ocrx_word' id='word_1_8' title='bbox 238 1143 387 1177; x_wconf 81' lang='lat' dir='ltr'><strong>occupied</strong></span> <span class='ocrx_word' id='word_1_9' title='bbox 407 1143 483 1170; x_wconf 91' lang='lat' dir='ltr'>with</span> 
     </span>
     <span class='ocr_line' id='line_1_6' title="bbox 219 1178 493 1214; baseline 0 -11"><span class='ocrx_word' id='word_1_10' title='bbox 219 1178 352 1214; x_wconf 81' lang='lat' dir='ltr'>worldly</span> <span class='ocrx_word' id='word_1_11' title='bbox 378 1178 493 1212; x_wconf 77' lang='lat' dir='ltr'>things.</span> 
     </span>
    </p>
   </div>
   <div class='ocr_carea' id='block_1_3' title="bbox 938 216 1822 273">
    <p class='ocr_par' dir='ltr' id='par_1_3' title="bbox 938 216 1822 273">
     <span class='ocr_line' id='line_1_7' title="bbox 938 216 1822 273; baseline -0.006 -11"><span class='ocrx_word' id='word_1_12' title='bbox 938 230 998 262; x_wconf 88' lang='lat' dir='ltr'>DE</span> <span class='ocrx_word' id='word_1_13' title='bbox 1026 231 1161 262; x_wconf 91' lang='lat' dir='ltr'>ClVILI</span> <span class='ocrx_word' id='word_1_14' title='bbox 1189 230 1397 263; x_wconf 85' lang='lat' dir='ltr'>DOMINIO.</span> <span class='ocrx_word' id='word_1_15' title='bbox 1578 216 1822 273; x_wconf 73' lang='lat' dir='ltr'>[CARXXVH.</span> 
     </span>
    </p>
   </div>
   <div class='ocr_carea' id='block_1_4' title="bbox 503 335 1831 2007">
    <p class='ocr_par' dir='ltr' id='par_1_4' title="bbox 507 335 1826 1021">
     <span class='ocr_line' id='line_1_8' title="bbox 510 335 1822 374; baseline -0.002 0"><span class='ocrx_word' id='word_1_16' title='bbox 510 337 621 374; x_wconf 90' lang='lat' dir='ltr'>cuius</span> <span class='ocrx_word' id='word_1_17' title='bbox 661 350 781 374; x_wconf 87' lang='lat' dir='ltr'>causa</span> <span class='ocrx_word' id='word_1_18' title='bbox 812 336 968 373; x_wconf 88' lang='lat' dir='ltr'>videtur</span> <span class='ocrx_word' id='word_1_19' title='bbox 1005 337 1110 373; x_wconf 87' lang='lat' dir='ltr'>farne</span> <span class='ocrx_word' id='word_1_20' title='bbox 1142 336 1317 372; x_wconf 87' lang='lat' dir='ltr'>fastuosa</span> <span class='ocrx_word' id='word_1_21' title='bbox 1350 335 1537 373; x_wconf 87' lang='lat' dir='ltr'>dilatacio</span> <span class='ocrx_word' id='word_1_22' title='bbox 1577 344 1614 372; x_wconf 91' lang='lat' dir='ltr'>et</span> <span class='ocrx_word' id='word_1_23' title='bbox 1647 335 1822 372; x_wconf 87' lang='lat' dir='ltr'>nominis</span> 
     </span>
     <span class='ocr_line' id='line_1_9' title="bbox 509 393 1823 443; baseline -0.002 -12"><span class='ocrx_word' id='word_1_24' title='bbox 509 396 643 443; x_wconf 88' lang='lat' dir='ltr'>quoad</span> <span class='ocrx_word' id='word_1_25' title='bbox 688 396 881 431; x_wconf 88' lang='lat' dir='ltr'>mundum</span> <span class='ocrx_word' id='word_1_26' title='bbox 927 393 1237 432; x_wconf 87' lang='lat' dir='ltr'>contaminacio.</span> <span class='ocrx_word' id='word_1_27' title='bbox 1299 394 1417 430; x_wconf 87' lang='lat' dir='ltr'>Tales</span> <span class='ocrx_word' id='word_1_28' title='bbox 1461 393 1565 429; x_wconf 88' lang='lat' dir='ltr'>enim</span> <span class='ocrx_word' id='word_1_29' title='bbox 1617 393 1823 430; x_wconf 86' lang='lat' dir='ltr'>defunctos</span> 
     </span>
     <span class='ocr_line' id='line_1_10' title="bbox 510 451 1824 499; baseline -0.002 -10"><span class='ocrx_word' id='word_1_30' title='bbox 510 455 796 489; x_wconf 88' lang='lat' dir='ltr'>commendant</span> <span class='ocrx_word' id='word_1_31' title='bbox 820 452 1046 498; x_wconf 85' lang='lat' dir='ltr'>mundanis,</span> <span class='ocrx_word' id='word_1_32' title='bbox 1067 451 1242 488; x_wconf 88' lang='lat' dir='ltr'>dicentes</span> <span class='ocrx_word' id='word_1_33' title='bbox 1262 453 1370 499; x_wconf 85' lang='lat' dir='ltr'>quod</span> <span class='ocrx_word' id='word_1_34' title='bbox 1393 460 1576 499; x_wconf 89' lang='lat' dir='ltr'>potentes</span> <span class='ocrx_word' id='word_1_35' title='bbox 1599 459 1637 487; x_wconf 90' lang='lat' dir='ltr'>et</span> <span class='ocrx_word' id='word_1_36' title='bbox 1660 451 1824 499; x_wconf 84' lang='lat' dir='ltr'>gloriosi</span> 
     </span>
     <span class='ocr_line' id='line_1_11' title="bbox 507 508 1823 557; baseline -0.002 -11"><span class='ocrx_word' id='word_1_37' title='bbox 507 510 687 547; x_wconf 87' lang='lat' dir='ltr'>vixerunt</span> <span class='ocrx_word' id='word_1_38' title='bbox 720 510 760 546; x_wconf 89' lang='lat' dir='ltr'>in</span> <span class='ocrx_word' id='word_1_39' title='bbox 793 510 941 555; x_wconf 82' lang='lat' dir='ltr'>seculo,</span> <span class='ocrx_word' id='word_1_40' title='bbox 977 509 1123 546; x_wconf 88' lang='lat' dir='ltr'>mortui</span> <span class='ocrx_word' id='word_1_41' title='bbox 1156 518 1247 545; x_wconf 86' lang='lat' dir='ltr'>sunt</span> <span class='ocrx_word' id='word_1_42' title='bbox 1276 508 1383 557; x_wconf 88' lang='lat' dir='ltr'>pleni</span> <span class='ocrx_word' id='word_1_43' title='bbox 1407 508 1559 545; x_wconf 88' lang='lat' dir='ltr'>diviciis</span> <span class='ocrx_word' id='word_1_44' title='bbox 1584 521 1674 544; x_wconf 88' lang='lat' dir='ltr'>cum</span> <span class='ocrx_word' id='word_1_45' title='bbox 1697 510 1823 545; x_wconf 93' lang='lat' dir='ltr'>hono-</span> 
     </span>
     <span class='ocr_line' id='line_1_12' title="bbox 508 566 1823 616; baseline -0.002 -12"><span class='ocrx_word' id='word_1_46' title='bbox 508 568 702 604; x_wconf 87' lang='lat' dir='ltr'>rabilibus</span> <span class='ocrx_word' id='word_1_47' title='bbox 725 567 911 616; x_wconf 81' lang='lat' dir='ltr'>exequiis,</span> <span class='ocrx_word' id='word_1_48' title='bbox 936 580 1017 604; x_wconf 92' lang='lat' dir='ltr'>non</span> <span class='ocrx_word' id='word_1_49' title='bbox 1041 576 1175 604; x_wconf 87' lang='lat' dir='ltr'>autern</span> <span class='ocrx_word' id='word_1_50' title='bbox 1199 567 1540 603; x_wconf 87' lang='lat' dir='ltr'>immemorabiles</span> <span class='ocrx_word' id='word_1_51' title='bbox 1568 575 1611 602; x_wconf 86' lang='lat' dir='ltr'>ut</span> <span class='ocrx_word' id='word_1_52' title='bbox 1634 566 1823 603; x_wconf 87' lang='lat' dir='ltr'>mendici.</span> 
     </span>
     <span class='ocr_line' id='line_1_13' title="bbox 511 624 1823 673; baseline -0.002 -11"><span class='ocrx_word' id='word_1_53' title='bbox 511 625 719 671; x_wconf 84' lang='lat' dir='ltr'>Quotlibet</span> <span class='ocrx_word' id='word_1_54' title='bbox 751 626 846 662; x_wconf 89' lang='lat' dir='ltr'>talia</span> <span class='ocrx_word' id='word_1_55' title='bbox 879 635 1045 673; x_wconf 85' lang='lat' dir='ltr'>peccata</span> <span class='ocrx_word' id='word_1_56' title='bbox 1078 625 1314 673; x_wconf 87' lang='lat' dir='ltr'>ingeruntur</span> <span class='ocrx_word' id='word_1_57' title='bbox 1347 637 1390 661; x_wconf 83' lang='lat' dir='ltr'>ex</span> <span class='ocrx_word' id='word_1_58' title='bbox 1414 626 1489 661; x_wconf 89' lang='lat' dir='ltr'>hoc</span> <span class='ocrx_word' id='word_1_59' title='bbox 1513 624 1620 673; x_wconf 91' lang='lat' dir='ltr'>quod</span> <span class='ocrx_word' id='word_1_60' title='bbox 1642 624 1823 661; x_wconf 87' lang='lat' dir='ltr'>nomine-</span> 
     </span>
     <span class='ocr_line' id='line_1_14' title="bbox 508 682 1825 721; baseline -0.002 -1"><span class='ocrx_word' id='word_1_61' title='bbox 508 693 623 720; x_wconf 84' lang='lat' dir='ltr'><strong>tenus</strong></span> <span class='ocrx_word' id='word_1_62' title='bbox 657 683 873 721; x_wconf 81' lang='lat' dir='ltr'>Christiani</span> <span class='ocrx_word' id='word_1_63' title='bbox 906 683 1125 720; x_wconf 81' lang='lat' dir='ltr'>bestialiter</span> <span class='ocrx_word' id='word_1_64' title='bbox 1164 691 1200 719; x_wconf 90' lang='lat' dir='ltr'>et</span> <span class='ocrx_word' id='word_1_65' title='bbox 1230 682 1445 719; x_wconf 85' lang='lat' dir='ltr'>infideliter</span> <span class='ocrx_word' id='word_1_66' title='bbox 1483 684 1742 719; x_wconf 84' lang='lat' dir='ltr'>advertuntur</span> <span class='ocrx_word' id='word_1_67' title='bbox 1775 684 1825 718; x_wconf 87' lang='lat' dir='ltr'>ad</span> 
     </span>
     <span class='ocr_line' id='line_1_15' title="bbox 509 739 1824 789; baseline -0.001 -12"><span class='ocrx_word' id='word_1_68' title='bbox 509 741 711 778; x_wconf 82' lang='lat' dir='ltr'>sensibilia</span> <span class='ocrx_word' id='word_1_69' title='bbox 763 754 836 789; x_wconf 91' lang='lat' dir='ltr'>pro</span> <span class='ocrx_word' id='word_1_70' title='bbox 882 754 1033 789; x_wconf 86' lang='lat' dir='ltr'>pompa</span> <span class='ocrx_word' id='word_1_71' title='bbox 1079 741 1201 777; x_wconf 90' lang='lat' dir='ltr'>seculi</span> <span class='ocrx_word' id='word_1_72' title='bbox 1247 740 1440 789; x_wconf 90' lang='lat' dir='ltr'>requisita</span> <span class='ocrx_word' id='word_1_73' title='bbox 1488 739 1663 776; x_wconf 86' lang='lat' dir='ltr'>dimissis</span> <span class='ocrx_word' id='word_1_74' title='bbox 1708 740 1824 776; x_wconf 85' lang='lat' dir='ltr'>bonis</span> 
     </span>
     <span class='ocr_line' id='line_1_16' title="bbox 509 797 1825 848; baseline -0.001 -13"><span class='ocrx_word' id='word_1_75' title='bbox 509 799 797 848; x_wconf 76' lang='lat' dir='ltr'>spiritualibus,</span> <span class='ocrx_word' id='word_1_76' title='bbox 829 811 904 847; x_wconf 88' lang='lat' dir='ltr'>que</span> <span class='ocrx_word' id='word_1_77' title='bbox 925 800 972 835; x_wconf 91' lang='lat' dir='ltr'>de</span> <span class='ocrx_word' id='word_1_78' title='bbox 994 799 1224 836; x_wconf 81' lang='lat' dir='ltr'>substancia</span> <span class='ocrx_word' id='word_1_79' title='bbox 1247 798 1340 835; x_wconf 89' lang='lat' dir='ltr'>fidei</span> <span class='ocrx_word' id='word_1_80' title='bbox 1364 807 1401 834; x_wconf 90' lang='lat' dir='ltr'>et</span> <span class='ocrx_word' id='word_1_81' title='bbox 1429 797 1662 835; x_wconf 82' lang='lat' dir='ltr'>necessitate</span> <span class='ocrx_word' id='word_1_82' title='bbox 1686 798 1825 834; x_wconf 90' lang='lat' dir='ltr'>salutis</span> 
     </span>
     <span class='ocr_line' id='line_1_17' title="bbox 510 856 1826 905; baseline -0.001 -12"><span class='ocrx_word' id='word_1_83' title='bbox 510 857 660 893; x_wconf 89' lang='lat' dir='ltr'>mortui</span> <span class='ocrx_word' id='word_1_84' title='bbox 705 857 983 905; x_wconf 87' lang='lat' dir='ltr'>requiruntur;</span> <span class='ocrx_word' id='word_1_85' title='bbox 1037 856 1132 894; x_wconf 89' lang='lat' dir='ltr'>talia</span> <span class='ocrx_word' id='word_1_86' title='bbox 1184 856 1291 893; x_wconf 90' lang='lat' dir='ltr'>enim</span> <span class='ocrx_word' id='word_1_87' title='bbox 1345 856 1612 892; x_wconf 87' lang='lat' dir='ltr'>communiter</span> <span class='ocrx_word' id='word_1_88' title='bbox 1660 865 1826 904; x_wconf 86' lang='lat' dir='ltr'>gravant</span> 
     </span>
     <span class='ocr_line' id='line_1_18' title="bbox 512 913 1823 962; baseline -0.002 -11"><span class='ocrx_word' id='word_1_89' title='bbox 512 923 705 961; x_wconf 87' lang='lat' dir='ltr'>mortuos,</span> <span class='ocrx_word' id='word_1_90' title='bbox 750 927 839 952; x_wconf 86' lang='lat' dir='ltr'>cum</span> <span class='ocrx_word' id='word_1_91' title='bbox 885 914 1037 951; x_wconf 90' lang='lat' dir='ltr'>faciunt</span> <span class='ocrx_word' id='word_1_92' title='bbox 1081 914 1189 962; x_wconf 89' lang='lat' dir='ltr'>ipsos</span> <span class='ocrx_word' id='word_1_93' title='bbox 1234 913 1456 962; x_wconf 86' lang='lat' dir='ltr'>originasse</span> <span class='ocrx_word' id='word_1_94' title='bbox 1499 922 1629 950; x_wconf 89' lang='lat' dir='ltr'>toturn</span> <span class='ocrx_word' id='word_1_95' title='bbox 1676 914 1823 950; x_wconf 87' lang='lat' dir='ltr'>malum</span> 
     </span>
     <span class='ocr_line' id='line_1_19' title="bbox 511 972 1113 1021; baseline 0 -12"><span class='ocrx_word' id='word_1_96' title='bbox 511 973 625 1020; x_wconf 91' lang='lat' dir='ltr'>culpe</span> <span class='ocrx_word' id='word_1_97' title='bbox 659 974 768 1021; x_wconf 92' lang='lat' dir='ltr'>quod</span> <span class='ocrx_word' id='word_1_98' title='bbox 801 972 890 1008; x_wconf 89' lang='lat' dir='ltr'>inde</span> <span class='ocrx_word' id='word_1_99' title='bbox 923 975 1113 1021; x_wconf 86' lang='lat' dir='ltr'>sequitur.</span> 
     </span>
    </p>

    <p class='ocr_par' dir='ltr' id='par_1_5' title="bbox 503 1029 1831 2007">
     <span class='ocr_line' id='line_1_20' title="bbox 569 1029 1826 1078; baseline -0.001 -12"><span class='ocrx_word' id='word_1_100' title='bbox 569 1032 755 1067; x_wconf 88' lang='lat' dir='ltr'>Secundo</span> <span class='ocrx_word' id='word_1_101' title='bbox 788 1032 1014 1068; x_wconf 89' lang='lat' dir='ltr'>accusando</span> <span class='ocrx_word' id='word_1_102' title='bbox 1048 1038 1245 1067; x_wconf 81' lang='lat' dir='ltr'>testantur</span> <span class='ocrx_word' id='word_1_103' title='bbox 1269 1029 1377 1077; x_wconf 89' lang='lat' dir='ltr'>quod</span> <span class='ocrx_word' id='word_1_104' title='bbox 1399 1029 1576 1067; x_wconf 83' lang='lat' dir='ltr'>defuncti</span> <span class='ocrx_word' id='word_1_105' title='bbox 1600 1038 1712 1066; x_wconf 86' lang='lat' dir='ltr'>erant</span> <span class='ocrx_word' id='word_1_106' title='bbox 1735 1042 1826 1078; x_wconf 87' lang='lat' dir='ltr'>per-</span> 
     </span>
     <span class='ocr_line' id='line_1_21' title="bbox 510 1087 1824 1136; baseline -0.001 -11"><span class='ocrx_word' id='word_1_107' title='bbox 510 1097 738 1125; x_wconf 84' lang='lat' dir='ltr'>severanter</span> <span class='ocrx_word' id='word_1_108' title='bbox 763 1090 913 1125; x_wconf 88' lang='lat' dir='ltr'>mundo</span> <span class='ocrx_word' id='word_1_109' title='bbox 936 1088 1060 1126; x_wconf 91' lang='lat' dir='ltr'>dediti</span> <span class='ocrx_word' id='word_1_110' title='bbox 1084 1097 1121 1125; x_wconf 91' lang='lat' dir='ltr'>et</span> <span class='ocrx_word' id='word_1_111' title='bbox 1145 1089 1254 1136; x_wconf 91' lang='lat' dir='ltr'>quod</span> <span class='ocrx_word' id='word_1_112' title='bbox 1277 1097 1334 1124; x_wconf 89' lang='lat' dir='ltr'>est</span> <span class='ocrx_word' id='word_1_113' title='bbox 1358 1087 1576 1124; x_wconf 84' lang='lat' dir='ltr'>maximum</span> <span class='ocrx_word' id='word_1_114' title='bbox 1601 1087 1824 1135; x_wconf 86' lang='lat' dir='ltr'>periculum</span> 
     </span>
     <span class='ocr_line' id='line_1_22' title="bbox 510 1145 1825 1193; baseline 0 -11"><span class='ocrx_word' id='word_1_115' title='bbox 510 1146 551 1182; x_wconf 89' lang='lat' dir='ltr'>in</span> <span class='ocrx_word' id='word_1_116' title='bbox 596 1146 765 1183; x_wconf 87' lang='lat' dir='ltr'>articulo</span> <span class='ocrx_word' id='word_1_117' title='bbox 810 1146 950 1183; x_wconf 89' lang='lat' dir='ltr'>mortis</span> <span class='ocrx_word' id='word_1_118' title='bbox 983 1148 1202 1183; x_wconf 87' lang='lat' dir='ltr'>secundum</span> <span class='ocrx_word' id='word_1_119' title='bbox 1237 1145 1423 1182; x_wconf 83' lang='lat' dir='ltr'>affectum</span> <span class='ocrx_word' id='word_1_120' title='bbox 1463 1145 1503 1181; x_wconf 91' lang='lat' dir='ltr'>in</span> <span class='ocrx_word' id='word_1_121' title='bbox 1535 1145 1825 1193; x_wconf 85' lang='lat' dir='ltr'>temporalibus</span> 
     </span>
     <span class='ocr_line' id='line_1_23' title="bbox 510 1203 1826 1252; baseline 0 -12"><span class='ocrx_word' id='word_1_122' title='bbox 510 1204 671 1243; x_wconf 85' lang='lat' dir='ltr'>instare.</span> <span class='ocrx_word' id='word_1_123' title='bbox 732 1204 809 1249; x_wconf 86' lang='lat' dir='ltr'>Qui</span> <span class='ocrx_word' id='word_1_124' title='bbox 854 1205 958 1240; x_wconf 88' lang='lat' dir='ltr'>enim</span> <span class='ocrx_word' id='word_1_125' title='bbox 1003 1217 1085 1241; x_wconf 88' lang='lat' dir='ltr'>non</span> <span class='ocrx_word' id='word_1_126' title='bbox 1138 1203 1344 1252; x_wconf 88' lang='lat' dir='ltr'>postponit</span> <span class='ocrx_word' id='word_1_127' title='bbox 1397 1203 1535 1239; x_wconf 88' lang='lat' dir='ltr'>omnia</span> <span class='ocrx_word' id='word_1_128' title='bbox 1587 1204 1826 1250; x_wconf 85' lang='lat' dir='ltr'>temporalia</span> 
     </span>
     <span class='ocr_line' id='line_1_24' title="bbox 511 1260 1826 1310; baseline -0.001 -12"><span class='ocrx_word' id='word_1_129' title='bbox 511 1262 636 1298; x_wconf 83' lang='lat' dir='ltr'>eciam</span> <span class='ocrx_word' id='word_1_130' title='bbox 671 1275 797 1310; x_wconf 88' lang='lat' dir='ltr'>usque</span> <span class='ocrx_word' id='word_1_131' title='bbox 830 1263 880 1298; x_wconf 89' lang='lat' dir='ltr'>ad</span> <span class='ocrx_word' id='word_1_132' title='bbox 913 1270 1190 1310; x_wconf 88' lang='lat' dir='ltr'>contemptum</span> <span class='ocrx_word' id='word_1_133' title='bbox 1223 1261 1262 1297; x_wconf 89' lang='lat' dir='ltr'>in</span> <span class='ocrx_word' id='word_1_134' title='bbox 1297 1261 1436 1298; x_wconf 89' lang='lat' dir='ltr'>mortis</span> <span class='ocrx_word' id='word_1_135' title='bbox 1470 1260 1654 1307; x_wconf 83' lang='lat' dir='ltr'>articulo,</span> <span class='ocrx_word' id='word_1_136' title='bbox 1689 1262 1826 1298; x_wconf 88' lang='lat' dir='ltr'>dolens</span> 
     </span>
     <span class='ocr_line' id='line_1_25' title="bbox 510 1318 1827 1368; baseline -0.001 -12"><span class='ocrx_word' id='word_1_137' title='bbox 510 1321 617 1368; x_wconf 91' lang='lat' dir='ltr'>quod</span> <span class='ocrx_word' id='word_1_138' title='bbox 653 1319 708 1356; x_wconf 92' lang='lat' dir='ltr'>sic</span> <span class='ocrx_word' id='word_1_139' title='bbox 741 1320 978 1368; x_wconf 87' lang='lat' dir='ltr'>splendebat</span> <span class='ocrx_word' id='word_1_140' title='bbox 1010 1320 1051 1356; x_wconf 90' lang='lat' dir='ltr'>in</span> <span class='ocrx_word' id='word_1_141' title='bbox 1083 1320 1230 1367; x_wconf 81' lang='lat' dir='ltr'>seculo,</span> <span class='ocrx_word' id='word_1_142' title='bbox 1265 1320 1456 1367; x_wconf 89' lang='lat' dir='ltr'>ponendo</span> <span class='ocrx_word' id='word_1_143' title='bbox 1486 1318 1765 1368; x_wconf 84' lang='lat' dir='ltr'>principaliter</span> <span class='ocrx_word' id='word_1_144' title='bbox 1789 1328 1827 1356; x_wconf 85' lang='lat' dir='ltr'>et</span> 
     </span>
     <span class='ocr_line' id='line_1_26' title="bbox 510 1377 1828 1425; baseline 0 -11"><span class='ocrx_word' id='word_1_145' title='bbox 510 1377 759 1425; x_wconf 77' lang='lat' dir='ltr'>integraliter</span> <span class='ocrx_word' id='word_1_146' title='bbox 802 1390 912 1425; x_wconf 88' lang='lat' dir='ltr'>spem</span> <span class='ocrx_word' id='word_1_147' title='bbox 958 1377 1204 1424; x_wconf 71' lang='lat' dir='ltr'>in‘Christo,</span> <span class='ocrx_word' id='word_1_148' title='bbox 1250 1390 1331 1413; x_wconf 93' lang='lat' dir='ltr'>non</span> <span class='ocrx_word' id='word_1_149' title='bbox 1363 1377 1492 1422; x_wconf 84' lang='lat' dir='ltr'>video,</span> <span class='ocrx_word' id='word_1_150' title='bbox 1539 1379 1745 1424; x_wconf 89' lang='lat' dir='ltr'>quomodo</span> <span class='ocrx_word' id='word_1_151' title='bbox 1778 1377 1828 1414; x_wconf 88' lang='lat' dir='ltr'>sit</span> 
     </span>
     <span class='ocr_line' id='line_1_27' title="bbox 511 1434 1828 1485; baseline -0.002 -13"><span class='ocrx_word' id='word_1_152' title='bbox 511 1437 558 1472; x_wconf 87' lang='lat' dir='ltr'>de</span> <span class='ocrx_word' id='word_1_153' title='bbox 590 1448 759 1472; x_wconf 89' lang='lat' dir='ltr'>numero</span> <span class='ocrx_word' id='word_1_154' title='bbox 792 1436 1091 1485; x_wconf 79' lang='lat' dir='ltr'>salvandorum,</span> <span class='ocrx_word' id='word_1_155' title='bbox 1137 1435 1231 1483; x_wconf 89' lang='lat' dir='ltr'>quia</span> <span class='ocrx_word' id='word_1_156' title='bbox 1275 1434 1382 1471; x_wconf 86' lang='lat' dir='ltr'>iuxta</span> <span class='ocrx_word' id='word_1_157' title='bbox 1428 1434 1535 1471; x_wconf 87' lang='lat' dir='ltr'>dicta</span> <span class='ocrx_word' id='word_1_158' title='bbox 1569 1434 1744 1483; x_wconf 88' lang='lat' dir='ltr'>capitulo</span> <span class='ocrx_word' id='word_1_159' title='bbox 1777 1435 1828 1470; x_wconf 92' lang='lat' dir='ltr'>IV</span> 
     </span>
     <span class='ocr_line' id='line_1_28' title="bbox 510 1488 1827 1545; baseline -0.001 -16"><span class='ocrx_word' id='word_1_160' title='bbox 510 1493 640 1539; x_wconf 86' lang='lat' dir='ltr'>huius,</span> <span class='ocrx_word' id='word_1_161' title='bbox 665 1501 823 1541; x_wconf 88' lang='lat' dir='ltr'>oportet</span> <span class='ocrx_word' id='word_1_162' title='bbox 846 1494 1085 1530; x_wconf 85' lang='lat' dir='ltr'>salvandum</span> <span class='ocrx_word' id='word_1_163' title='bbox 1109 1495 1159 1529; x_wconf 86' lang='lat' dir='ltr'>ad</span> <span class='ocrx_word' id='word_1_164' title='bbox 1183 1493 1370 1529; x_wconf 88' lang='lat' dir='ltr'>ultimum</span> <span class='ocrx_word' id='word_1_165' title='bbox 1396 1492 1635 1529; x_wconf 88' lang='lat' dir='ltr'>renunciare</span> <span class='ocrx_word' id='word_1_166' title='bbox 1652 1488 1655 1545; x_wconf 56' lang='lat' dir='ltr'>l</span> <span class='ocrx_word' id='word_1_167' title='bbox 1675 1492 1827 1529; x_wconf 89' lang='lat' dir='ltr'>cunctis</span> 
     </span>
     <span class='ocr_line' id='line_1_29' title="bbox 509 1550 1828 1599; baseline 0 -12"><span class='ocrx_word' id='word_1_168' title='bbox 509 1563 586 1599; x_wconf 89' lang='lat' dir='ltr'>que</span> <span class='ocrx_word' id='word_1_169' title='bbox 618 1550 807 1599; x_wconf 84' lang='lat' dir='ltr'>possidet,</span> <span class='ocrx_word' id='word_1_170' title='bbox 842 1560 880 1587; x_wconf 92' lang='lat' dir='ltr'>et</span> <span class='ocrx_word' id='word_1_171' title='bbox 911 1551 967 1587; x_wconf 90' lang='lat' dir='ltr'>sic</span> <span class='ocrx_word' id='word_1_172' title='bbox 1000 1551 1037 1587; x_wconf 90' lang='lat' dir='ltr'>in</span> <span class='ocrx_word' id='word_1_173' title='bbox 1067 1550 1259 1599; x_wconf 88' lang='lat' dir='ltr'>pauperie</span> <span class='ocrx_word' id='word_1_174' title='bbox 1282 1550 1394 1598; x_wconf 88' lang='lat' dir='ltr'>sequi</span> <span class='ocrx_word' id='word_1_175' title='bbox 1418 1550 1636 1594; x_wconf 86' lang='lat' dir='ltr'>Christum,</span> <span class='ocrx_word' id='word_1_176' title='bbox 1671 1550 1828 1587; x_wconf 87' lang='lat' dir='ltr'>dicente</span> 
     </span>
     <span class='ocr_line' id='line_1_30' title="bbox 508 1608 1831 1658; baseline -0.001 -13"><span class='ocrx_word' id='word_1_177' title='bbox 508 1609 733 1658; x_wconf 84' lang='lat' dir='ltr'>Augustino</span> <span class='ocrx_word' id='word_1_178' title='bbox 765 1610 803 1645; x_wconf 89' lang='lat' dir='ltr'>in</span> <span class='ocrx_word' id='word_1_179' title='bbox 837 1611 893 1645; x_wconf 86' lang='lat' dir='ltr'>De</span> <span class='ocrx_word' id='word_1_180' title='bbox 926 1609 1054 1645; x_wconf 89' lang='lat' dir='ltr'>verbis</span> <span class='ocrx_word' id='word_1_181' title='bbox 1079 1608 1241 1645; x_wconf 86' lang='lat' dir='ltr'>Domini</span> <span class='ocrx_word' id='word_1_182' title='bbox 1272 1610 1464 1644; x_wconf 84' lang='lat' dir='ltr'>Sermone</span> <span class='ocrx_word' id='word_1_183' title='bbox 1486 1609 1573 1644; x_wconf 87' lang='lat' dir='ltr'>XV:</span> <span class='ocrx_word' id='word_1_184' title='bbox 1610 1609 1652 1644; x_wconf 83' lang='lat' dir='ltr'>Si</span> <span class='ocrx_word' id='word_1_185' title='bbox 1682 1608 1831 1644; x_wconf 82' lang='lat' dir='ltr'>imitari</span> 
     </span>
     <span class='ocr_line' id='line_1_31' title="bbox 503 1666 1827 1716; baseline -0.001 -13"><span class='ocrx_word' id='word_1_186' title='bbox 503 1674 659 1716; x_wconf 83' lang='lat' dir='ltr'>patrem</span> <span class='ocrx_word' id='word_1_187' title='bbox 693 1679 765 1703; x_wconf 86' lang='lat' dir='ltr'>non</span> <span class='ocrx_word' id='word_1_188' title='bbox 799 1667 868 1712; x_wconf 77' lang='lat' dir='ltr'>vis,</span> <span class='ocrx_word' id='word_1_189' title='bbox 901 1667 1135 1703; x_wconf 82' lang='lat' dir='ltr'>exheredari</span> <span class='ocrx_word' id='word_1_190' title='bbox 1165 1667 1348 1716; x_wconf 74' lang='lat' dir='ltr'>disponis,</span> <span class='ocrx_word' id='word_1_191' title='bbox 1389 1666 1479 1702; x_wconf 90' lang='lat' dir='ltr'>ideo</span> <span class='ocrx_word' id='word_1_192' title='bbox 1513 1666 1663 1702; x_wconf 84' lang='lat' dir='ltr'>dictum</span> <span class='ocrx_word' id='word_1_193' title='bbox 1697 1675 1754 1702; x_wconf 89' lang='lat' dir='ltr'>est</span> <span class='ocrx_word' id='word_1_194' title='bbox 1786 1666 1827 1702; x_wconf 91' lang='lat' dir='ltr'>in</span> 
     </span>
     <span class='ocr_line' id='line_1_32' title="bbox 510 1723 1828 1773; baseline 0 -13"><span class='ocrx_word' id='word_1_195' title='bbox 510 1725 588 1761; x_wconf 88' lang='lat' dir='ltr'>fine</span> <span class='ocrx_word' id='word_1_196' title='bbox 622 1724 786 1773; x_wconf 88' lang='lat' dir='ltr'>capituli</span> <span class='ocrx_word' id='word_1_197' title='bbox 820 1724 1003 1773; x_wconf 87' lang='lat' dir='ltr'>proximi,</span> <span class='ocrx_word' id='word_1_198' title='bbox 1039 1726 1246 1773; x_wconf 88' lang='lat' dir='ltr'>quomodo</span> <span class='ocrx_word' id='word_1_199' title='bbox 1279 1737 1418 1761; x_wconf 90' lang='lat' dir='ltr'>omnes</span> <span class='ocrx_word' id='word_1_200' title='bbox 1452 1724 1553 1772; x_wconf 89' lang='lat' dir='ltr'>grati</span> <span class='ocrx_word' id='word_1_201' title='bbox 1587 1723 1658 1760; x_wconf 90' lang='lat' dir='ltr'>filii</span> <span class='ocrx_word' id='word_1_202' title='bbox 1683 1725 1828 1760; x_wconf 89' lang='lat' dir='ltr'>debent</span> 
     </span>
     <span class='ocr_line' id='line_1_33' title="bbox 509 1782 1827 1831; baseline 0 -12"><span class='ocrx_word' id='word_1_203' title='bbox 509 1782 621 1831; x_wconf 89' lang='lat' dir='ltr'>sequi</span> <span class='ocrx_word' id='word_1_204' title='bbox 656 1792 809 1831; x_wconf 87' lang='lat' dir='ltr'>patrem</span> <span class='ocrx_word' id='word_1_205' title='bbox 846 1782 1062 1819; x_wconf 87' lang='lat' dir='ltr'>Christum.</span> <span class='ocrx_word' id='word_1_206' title='bbox 1098 1784 1213 1820; x_wconf 90' lang='lat' dir='ltr'>Unde</span> <span class='ocrx_word' id='word_1_207' title='bbox 1241 1782 1488 1830; x_wconf 84' lang='lat' dir='ltr'>Augustinus</span> <span class='ocrx_word' id='word_1_208' title='bbox 1520 1784 1533 1818; x_wconf 94' lang='lat' dir='ltr'>I</span> <span class='ocrx_word' id='word_1_209' title='bbox 1567 1784 1624 1818; x_wconf 90' lang='lat' dir='ltr'>De</span> <span class='ocrx_word' id='word_1_210' title='bbox 1657 1782 1827 1819; x_wconf 86' lang='lat' dir='ltr'>Civitate</span> 
     </span>
     <span class='ocr_line' id='line_1_34' title="bbox 510 1839 1825 1889; baseline 0 -13"><span class='ocrx_word' id='word_1_211' title='bbox 510 1840 580 1877; x_wconf 91' lang='lat' dir='ltr'>Dei</span> <span class='ocrx_word' id='word_1_212' title='bbox 619 1840 797 1889; x_wconf 86' lang='lat' dir='ltr'>capitulo</span> <span class='ocrx_word' id='word_1_213' title='bbox 835 1842 868 1877; x_wconf 82' lang='lat' dir='ltr'>V</span> <span class='ocrx_word' id='word_1_214' title='bbox 908 1853 1232 1877; x_wconf 88' lang='lat' dir='ltr'>commemorans</span> <span class='ocrx_word' id='word_1_215' title='bbox 1284 1849 1410 1876; x_wconf 88' lang='lat' dir='ltr'>totam</span> <span class='ocrx_word' id='word_1_216' title='bbox 1463 1839 1579 1877; x_wconf 86' lang='lat' dir='ltr'>istam</span> <span class='ocrx_word' id='word_1_217' title='bbox 1633 1852 1825 1888; x_wconf 86' lang='lat' dir='ltr'>pompam</span> 
     </span>
     <span class='ocr_line' id='line_1_35' title="bbox 507 1898 1829 1950; baseline -0.001 -15"><span class='ocrx_word' id='word_1_218' title='bbox 507 1898 696 1946; x_wconf 88' lang='lat' dir='ltr'>gentilem</span> <span class='ocrx_word' id='word_1_219' title='bbox 729 1907 942 1946; x_wconf 87' lang='lat' dir='ltr'>postquam</span> <span class='ocrx_word' id='word_1_220' title='bbox 976 1898 1196 1934; x_wconf 89' lang='lat' dir='ltr'>ostenderit</span> <span class='ocrx_word' id='word_1_221' title='bbox 1220 1899 1326 1946; x_wconf 89' lang='lat' dir='ltr'>quod</span> <span class='ocrx_word' id='word_1_222' title='bbox 1355 1910 1462 1934; x_wconf 85' lang='lat' dir='ltr'>mors</span> <span class='ocrx_word' id='word_1_223' title='bbox 1484 1898 1634 1950; x_wconf 55' lang='lat' dir='ltr'>Lazari</span> <span class='ocrx_word' id='word_1_224' title='bbox 1664 1898 1829 1934; x_wconf 86' lang='lat' dir='ltr'>mendici</span> 
     </span>
     <span class='ocr_line' id='line_1_36' title="bbox 508 1956 1827 2007; baseline -0.001 -15"><span class='ocrx_word' id='word_1_225' title='bbox 508 1957 608 1992; x_wconf 88' lang='lat' dir='ltr'>inter</span> <span class='ocrx_word' id='word_1_226' title='bbox 647 1957 879 2007; x_wconf 63' lang='lat' dir='ltr'>ling-encium</span> <span class='ocrx_word' id='word_1_227' title='bbox 921 1969 1058 1992; x_wconf 82' lang='lat' dir='ltr'>canum</span> <span class='ocrx_word' id='word_1_228' title='bbox 1098 1957 1254 2007; x_wconf 79' lang='lat' dir='ltr'>linguas</span> <span class='ocrx_word' id='word_1_229' title='bbox 1288 1956 1472 2004; x_wconf 81' lang='lat' dir='ltr'>famelici</span> <span class='ocrx_word' id='word_1_230' title='bbox 1495 1956 1582 2005; x_wconf 88' lang='lat' dir='ltr'>fuit</span> <span class='ocrx_word' id='word_1_231' title='bbox 1607 1956 1827 2005; x_wconf 77' lang='lat' dir='ltr'>preciosior</span> 
     </span>
    </p>
   </div>
   <div class='ocr_carea' id='block_1_5' title="bbox 1847 870 1884 890">
    <p class='ocr_par' dir='ltr' id='par_1_6' title="bbox 1847 870 1884 890">
     <span class='ocr_line' id='line_1_37' title="bbox 1847 870 1884 890; baseline 0 0"><span class='ocrx_word' id='word_1_232' title='bbox 1847 870 1884 890; x_wconf 84' lang='lat'>10</span> 
     </span>
    </p>
   </div>
   <div class='ocr_carea' id='block_1_6' title="bbox 1846 1149 1882 1180">
    <p class='ocr_par' dir='ltr' id='par_1_7' title="bbox 1846 1149 1882 1180">
     <span class='ocr_line' id='line_1_38' title="bbox 1846 1149 1882 1180; baseline 0 0"><span class='ocrx_word' id='word_1_233' title='bbox 1846 1149 1882 1180; x_wconf 81' lang='lat'>15</span> 
     </span>
    </p>
   </div>
   <div class='ocr_carea' id='block_1_7' title="bbox 1845 1449 1885 1471">
    <p class='ocr_par' dir='ltr' id='par_1_8' title="bbox 1845 1449 1885 1471">
     <span class='ocr_line' id='line_1_39' title="bbox 1845 1449 1885 1471; baseline 0.025 -1"><span class='ocrx_word' id='word_1_234' title='bbox 1845 1449 1885 1471; x_wconf 90' lang='lat'>20</span> 
     </span>
    </p>
   </div>
   <div class='ocr_carea' id='block_1_8' title="bbox 1867 1497 1948 1531">
    <p class='ocr_par' dir='ltr' id='par_1_9' title="bbox 1867 1497 1948 1531">
     <span class='ocr_line' id='line_1_40' title="bbox 1867 1497 1948 1531; baseline 0.037 -3"><span class='ocrx_word' id='word_1_235' title='bbox 1867 1497 1948 1531; x_wconf 73' lang='lat'><strong>2550</strong></span> 
     </span>
    </p>
   </div>
   <div class='ocr_carea' id='block_1_9' title="bbox 1844 1729 1883 1760">
    <p class='ocr_par' dir='ltr' id='par_1_10' title="bbox 1844 1729 1883 1760">
     <span class='ocr_line' id='line_1_41' title="bbox 1844 1729 1883 1760; baseline 0 0"><span class='ocrx_word' id='word_1_236' title='bbox 1844 1729 1883 1760; x_wconf 82' lang='lat'>25</span> 
     </span>
    </p>
   </div>
   <div class='ocr_carea' id='block_1_10' title="bbox 508 2014 1884 2063">
    <p class='ocr_par' dir='ltr' id='par_1_11' title="bbox 508 2014 1884 2063">
     <span class='ocr_line' id='line_1_42' title="bbox 508 2014 1884 2063; baseline 0 -14"><span class='ocrx_word' id='word_1_237' title='bbox 508 2015 545 2050; x_wconf 91' lang='lat' dir='ltr'>in</span> <span class='ocrx_word' id='word_1_238' title='bbox 590 2022 792 2063; x_wconf 85' lang='lat' dir='ltr'>conspectu</span> <span class='ocrx_word' id='word_1_239' title='bbox 839 2014 998 2050; x_wconf 86' lang='lat' dir='ltr'>Domini</span> <span class='ocrx_word' id='word_1_240' title='bbox 1038 2027 1154 2063; x_wconf 80' lang='lat' dir='ltr'>quam</span> <span class='ocrx_word' id='word_1_241' title='bbox 1194 2026 1301 2050; x_wconf 80' lang='lat' dir='ltr'>mors</span> <span class='ocrx_word' id='word_1_242' title='bbox 1333 2014 1461 2049; x_wconf 84' lang='lat' dir='ltr'>divitis</span> <span class='ocrx_word' id='word_1_243' title='bbox 1499 2014 1672 2063; x_wconf 79' lang='lat' dir='ltr'>epulonis</span> <span class='ocrx_word' id='word_1_244' title='bbox 1702 2014 1884 2057; x_wconf 85' lang='lat' dir='ltr'>induti3o</span> 
     </span>
    </p>
   </div>
   <div class='ocr_carea' id='block_1_11' title="bbox 503 2071 1825 2294">
    <p class='ocr_par' dir='ltr' id='par_1_12' title="bbox 503 2071 1825 2294">
     <span class='ocr_line' id='line_1_43' title="bbox 503 2071 1825 2123; baseline 0.001 -16"><span class='ocrx_word' id='word_1_245' title='bbox 503 2084 685 2121; x_wconf 79' lang='lat' dir='ltr'>purpura</span> <span class='ocrx_word' id='word_1_246' title='bbox 714 2079 749 2108; x_wconf 84' lang='lat' dir='ltr'>et</span> <span class='ocrx_word' id='word_1_247' title='bbox 776 2072 895 2123; x_wconf 79' lang='lat' dir='ltr'>bysso</span> <span class='ocrx_word' id='word_1_248' title='bbox 927 2079 964 2107; x_wconf 86' lang='lat' dir='ltr'>et</span> <span class='ocrx_word' id='word_1_249' title='bbox 995 2072 1140 2121; x_wconf 83' lang='lat' dir='ltr'>epulati</span> <span class='ocrx_word' id='word_1_250' title='bbox 1169 2072 1336 2120; x_wconf 81' lang='lat' dir='ltr'>quotidie</span> <span class='ocrx_word' id='word_1_251' title='bbox 1362 2072 1571 2120; x_wconf 83' lang='lat' dir='ltr'>splendide,</span> <span class='ocrx_word' id='word_1_252' title='bbox 1604 2080 1647 2108; x_wconf 90' lang='lat' dir='ltr'>ut</span> <span class='ocrx_word' id='word_1_253' title='bbox 1679 2071 1825 2108; x_wconf 88' lang='lat' dir='ltr'>dicitur</span> 
     </span>
     <span class='ocr_line' id='line_1_44' title="bbox 509 2129 1825 2180; baseline -0.001 -14"><span class='ocrx_word' id='word_1_254' title='bbox 509 2132 602 2166; x_wconf 91' lang='lat' dir='ltr'>Luc.</span> <span class='ocrx_word' id='word_1_255' title='bbox 626 2131 725 2180; x_wconf 85' lang='lat' dir='ltr'>XVI,</span> <span class='ocrx_word' id='word_1_256' title='bbox 751 2141 822 2176; x_wconf 83' lang='lat'>203</span> <span class='ocrx_word' id='word_1_257' title='bbox 858 2143 901 2166; x_wconf 81' lang='lat' dir='ltr'>ex</span> <span class='ocrx_word' id='word_1_258' title='bbox 924 2131 999 2166; x_wconf 89' lang='lat' dir='ltr'>hoc</span> <span class='ocrx_word' id='word_1_259' title='bbox 1024 2129 1116 2178; x_wconf 88' lang='lat' dir='ltr'>quia</span> <span class='ocrx_word' id='word_1_260' title='bbox 1140 2129 1383 2166; x_wconf 87' lang='lat' dir='ltr'>concluserit</span> <span class='ocrx_word' id='word_1_261' title='bbox 1412 2131 1518 2177; x_wconf 91' lang='lat' dir='ltr'>quod</span> <span class='ocrx_word' id='word_1_262' title='bbox 1554 2142 1660 2165; x_wconf 89' lang='lat' dir='ltr'>mors</span> <span class='ocrx_word' id='word_1_263' title='bbox 1694 2129 1825 2166; x_wconf 87' lang='lat' dir='ltr'>media</span> 
     </span>
     <span class='ocr_line' id='line_1_45' title="bbox 508 2187 1825 2236; baseline 0 -13"><span class='ocrx_word' id='word_1_264' title='bbox 508 2188 611 2224; x_wconf 88' lang='lat' dir='ltr'>inter</span> <span class='ocrx_word' id='word_1_265' title='bbox 643 2189 740 2225; x_wconf 90' lang='lat' dir='ltr'>duas</span> <span class='ocrx_word' id='word_1_266' title='bbox 772 2187 870 2225; x_wconf 83' lang='lat' dir='ltr'>vitas</span> <span class='ocrx_word' id='word_1_267' title='bbox 903 2200 984 2224; x_wconf 90' lang='lat' dir='ltr'>non</span> <span class='ocrx_word' id='word_1_268' title='bbox 1015 2196 1152 2236; x_wconf 86' lang='lat' dir='ltr'>posset</span> <span class='ocrx_word' id='word_1_269' title='bbox 1185 2200 1268 2224; x_wconf 87' lang='lat' dir='ltr'>esse</span> <span class='ocrx_word' id='word_1_270' title='bbox 1302 2187 1419 2234; x_wconf 88' lang='lat' dir='ltr'>mala,</span> <span class='ocrx_word' id='word_1_271' title='bbox 1467 2187 1498 2224; x_wconf 90' lang='lat' dir='ltr'>si</span> <span class='ocrx_word' id='word_1_272' title='bbox 1537 2187 1617 2224; x_wconf 89' lang='lat' dir='ltr'>vita</span> <span class='ocrx_word' id='word_1_273' title='bbox 1649 2187 1825 2224; x_wconf 88' lang='lat' dir='ltr'>virtuosa</span> 
     </span>
     <span class='ocr_line' id='line_1_46' title="bbox 507 2245 1824 2294; baseline 0 -12"><span class='ocrx_word' id='word_1_274' title='bbox 507 2245 745 2294; x_wconf 87' lang='lat' dir='ltr'>precesserit</span> <span class='ocrx_word' id='word_1_275' title='bbox 785 2254 822 2282; x_wconf 91' lang='lat' dir='ltr'>et</span> <span class='ocrx_word' id='word_1_276' title='bbox 858 2254 1015 2282; x_wconf 85' lang='lat' dir='ltr'>tantum</span> <span class='ocrx_word' id='word_1_277' title='bbox 1050 2245 1288 2282; x_wconf 81' lang='lat' dir='ltr'>alleviamen</span> <span class='ocrx_word' id='word_1_278' title='bbox 1322 2258 1367 2282; x_wconf 87' lang='lat' dir='ltr'>ac</span> <span class='ocrx_word' id='word_1_279' title='bbox 1402 2245 1667 2282; x_wconf 87' lang='lat' dir='ltr'>ministerium</span> <span class='ocrx_word' id='word_1_280' title='bbox 1707 2258 1824 2293; x_wconf 86' lang='lat' dir='ltr'>ange-</span> 
     </span>
    </p>
   </div>
   <div class='ocr_carea' id='block_1_12' title="bbox 506 2303 1882 2352">
    <p class='ocr_par' dir='ltr' id='par_1_13' title="bbox 506 2303 1882 2352">
     <span class='ocr_line' id='line_1_47' title="bbox 506 2303 1882 2352; baseline 0 -13"><span class='ocrx_word' id='word_1_281' title='bbox 506 2303 628 2340; x_wconf 86' lang='lat' dir='ltr'>licum</span> <span class='ocrx_word' id='word_1_282' title='bbox 668 2313 870 2352; x_wconf 83' lang='lat' dir='ltr'>sequatur,</span> <span class='ocrx_word' id='word_1_283' title='bbox 911 2303 966 2340; x_wconf 89' lang='lat' dir='ltr'>sic</span> <span class='ocrx_word' id='word_1_284' title='bbox 1000 2303 1221 2341; x_wconf 88' lang='lat' dir='ltr'>concludit:</span> <span class='ocrx_word' id='word_1_285' title='bbox 1261 2303 1417 2339; x_wconf 81' lang='lat' dir='ltr'>curaeio</span> <span class='ocrx_word' id='word_1_286' title='bbox 1447 2304 1621 2351; x_wconf 74' lang='lat' dir='ltr'>funeris,</span> <span class='ocrx_word' id='word_1_287' title='bbox 1654 2303 1825 2339; x_wconf 86' lang='lat' dir='ltr'>condicio</span> <span class='ocrx_word' id='word_1_288' title='bbox 1842 2307 1882 2340; x_wconf 77' lang='lat'>35</span> 
     </span>
    </p>
   </div>
   <div class='ocr_carea' id='block_1_13' title="bbox 505 2361 1825 2583">
    <p class='ocr_par' dir='ltr' id='par_1_14' title="bbox 505 2361 1825 2583">
     <span class='ocr_line' id='line_1_48' title="bbox 505 2361 1824 2411; baseline -0.001 -14"><span class='ocrx_word' id='word_1_289' title='bbox 505 2362 715 2410; x_wconf 85' lang='lat' dir='ltr'>sepulture,</span> <span class='ocrx_word' id='word_1_290' title='bbox 743 2374 888 2411; x_wconf 85' lang='lat' dir='ltr'>pompa</span> <span class='ocrx_word' id='word_1_291' title='bbox 918 2362 1186 2410; x_wconf 78' lang='lat' dir='ltr'>exequiarum,</span> <span class='ocrx_word' id='word_1_292' title='bbox 1216 2362 1344 2411; x_wconf 77' lang='lat' dir='ltr'>magis</span> <span class='ocrx_word' id='word_1_293' title='bbox 1370 2368 1458 2397; x_wconf 85' lang='lat' dir='ltr'>sunt</span> <span class='ocrx_word' id='word_1_294' title='bbox 1481 2362 1656 2397; x_wconf 77' lang='lat' dir='ltr'>vivorum</span> <span class='ocrx_word' id='word_1_295' title='bbox 1679 2361 1824 2397; x_wconf 83' lang='lat' dir='ltr'>solacia</span> 
     </span>
     <span class='ocr_line' id='line_1_49' title="bbox 507 2418 1825 2468; baseline 0 -14"><span class='ocrx_word' id='word_1_296' title='bbox 507 2432 620 2468; x_wconf 80' lang='lat' dir='ltr'>quam</span> <span class='ocrx_word' id='word_1_297' title='bbox 644 2420 813 2456; x_wconf 83' lang='lat' dir='ltr'>subsidia</span> <span class='ocrx_word' id='word_1_298' title='bbox 843 2431 1111 2463; x_wconf 82' lang='lat' dir='ltr'>mortuorum;</span> <span class='ocrx_word' id='word_1_299' title='bbox 1142 2419 1257 2455; x_wconf 86' lang='lat' dir='ltr'>aliter</span> <span class='ocrx_word' id='word_1_300' title='bbox 1290 2418 1394 2455; x_wconf 89' lang='lat' dir='ltr'>enirn</span> <span class='ocrx_word' id='word_1_301' title='bbox 1429 2432 1509 2455; x_wconf 90' lang='lat' dir='ltr'>non</span> <span class='ocrx_word' id='word_1_302' title='bbox 1542 2418 1724 2467; x_wconf 88' lang='lat' dir='ltr'>preciosa</span> <span class='ocrx_word' id='word_1_303' title='bbox 1757 2420 1825 2455; x_wconf 89' lang='lat' dir='ltr'>sed</span> 
     </span>
     <span class='ocr_line' id='line_1_50' title="bbox 508 2476 1825 2525; baseline -0.001 -12"><span class='ocrx_word' id='word_1_304' title='bbox 508 2477 663 2514; x_wconf 87' lang='lat' dir='ltr'>abiecta</span> <span class='ocrx_word' id='word_1_305' title='bbox 695 2478 798 2514; x_wconf 89' lang='lat' dir='ltr'>foret</span> <span class='ocrx_word' id='word_1_306' title='bbox 831 2476 871 2513; x_wconf 87' lang='lat' dir='ltr'>in</span> <span class='ocrx_word' id='word_1_307' title='bbox 904 2485 1122 2525; x_wconf 88' lang='lat' dir='ltr'>conspectu</span> <span class='ocrx_word' id='word_1_308' title='bbox 1145 2476 1308 2513; x_wconf 90' lang='lat' dir='ltr'>Domini</span> <span class='ocrx_word' id='word_1_309' title='bbox 1339 2489 1445 2513; x_wconf 88' lang='lat' dir='ltr'>mors</span> <span class='ocrx_word' id='word_1_310' title='bbox 1478 2485 1705 2513; x_wconf 85' lang='lat' dir='ltr'>sanctorum</span> <span class='ocrx_word' id='word_1_311' title='bbox 1743 2476 1825 2513; x_wconf 90' lang='lat' dir='ltr'>eius</span> 
     </span>
     <span class='ocr_line' id='line_1_51' title="bbox 508 2534 1822 2583; baseline -0.001 -12"><span class='ocrx_word' id='word_1_312' title='bbox 508 2548 679 2583; x_wconf 87' lang='lat' dir='ltr'>quorum</span> <span class='ocrx_word' id='word_1_313' title='bbox 726 2547 865 2572; x_wconf 87' lang='lat' dir='ltr'>carnes</span> <span class='ocrx_word' id='word_1_314' title='bbox 911 2536 1000 2572; x_wconf 85' lang='lat' dir='ltr'>date</span> <span class='ocrx_word' id='word_1_315' title='bbox 1045 2543 1134 2571; x_wconf 91' lang='lat' dir='ltr'>sunt</span> <span class='ocrx_word' id='word_1_316' title='bbox 1181 2534 1316 2571; x_wconf 88' lang='lat' dir='ltr'>bestiis</span> <span class='ocrx_word' id='word_1_317' title='bbox 1348 2543 1466 2581; x_wconf 85' lang='lat' dir='ltr'>terre,</span> <span class='ocrx_word' id='word_1_318' title='bbox 1511 2547 1584 2571; x_wconf 90' lang='lat' dir='ltr'>nec</span> <span class='ocrx_word' id='word_1_319' title='bbox 1616 2534 1700 2582; x_wconf 89' lang='lat' dir='ltr'>ipse</span> <span class='ocrx_word' id='word_1_320' title='bbox 1733 2547 1822 2571; x_wconf 90' lang='lat' dir='ltr'>cum</span> 
     </span>
    </p>
   </div>
   <div class='ocr_carea' id='block_1_14' title="bbox 507 2666 1824 2730">
    <p class='ocr_par' dir='ltr' id='par_1_15' title="bbox 507 2666 1824 2730">
     <span class='ocr_line' id='line_1_52' title="bbox 577 2666 1824 2705; baseline 0 -10"><span class='ocrx_word' id='word_1_321' title='bbox 577 2669 604 2702; x_wconf 81' lang='lat'>6,</span> <span class='ocrx_word' id='word_1_322' title='bbox 620 2677 646 2703; x_wconf 91' lang='lat'>7.</span> <span class='ocrx_word' id='word_1_323' title='bbox 663 2668 755 2696; x_wconf 89' lang='lat' dir='ltr'>Cod.:</span> <span class='ocrx_word' id='word_1_324' title='bbox 774 2669 922 2705; x_wconf 82' lang='lat' dir='ltr'>ingerunt</span> <span class='ocrx_word' id='word_1_325' title='bbox 941 2689 947 2696; x_wconf 95' lang='lat'><strong>.</strong></span> <span class='ocrx_word' id='word_1_326' title='bbox 965 2689 970 2696; x_wconf 89' lang='lat'>.</span> <span class='ocrx_word' id='word_1_327' title='bbox 987 2689 992 2695; x_wconf 84' lang='grc'><strong><em>.</em></strong></span> <span class='ocrx_word' id='word_1_328' title='bbox 1009 2668 1185 2697; x_wconf 81' lang='lat' dir='ltr'>advertunt.</span> <span class='ocrx_word' id='word_1_329' title='bbox 1260 2669 1300 2696; x_wconf 84' lang='lat'>16.</span> <span class='ocrx_word' id='word_1_330' title='bbox 1319 2668 1413 2696; x_wconf 87' lang='lat' dir='ltr'>Cod.:</span> <span class='ocrx_word' id='word_1_331' title='bbox 1428 2670 1459 2696; x_wconf 78' lang='lat' dir='ltr'>et</span> <span class='ocrx_word' id='word_1_332' title='bbox 1471 2668 1593 2696; x_wconf 84' lang='lat' dir='ltr'>instari.</span> <span class='ocrx_word' id='word_1_333' title='bbox 1666 2675 1713 2702; x_wconf 83' lang='lat'>24.</span> <span class='ocrx_word' id='word_1_334' title='bbox 1730 2666 1824 2695; x_wconf 89' lang='lat' dir='ltr'>Cod.:</span> 
     </span>
     <span class='ocr_line' id='line_1_53' title="bbox 507 2703 736 2730; baseline 0.004 -1"><span class='ocrx_word' id='word_1_335' title='bbox 507 2703 736 2730; x_wconf 81' lang='lat' dir='ltr'>exlzereditare.</span> 
     </span>
    </p>
   </div>
   <div class='ocr_carea' id='block_1_15' title="bbox 505 2785 1824 2876">
    <p class='ocr_par' dir='ltr' id='par_1_16' title="bbox 505 2785 1824 2876">
     <span class='ocr_line' id='line_1_54' title="bbox 575 2785 1824 2828; baseline 0 -12"><span class='ocrx_word' id='word_1_336' title='bbox 575 2786 628 2818; x_wconf 76' lang='lat'>23.</span> <span class='ocrx_word' id='word_1_337' title='bbox 667 2786 758 2828; x_wconf 89' lang='lat' dir='ltr'>Opp.</span> <span class='ocrx_word' id='word_1_338' title='bbox 796 2792 880 2819; x_wconf 88' lang='lat' dir='ltr'>tom.</span> <span class='ocrx_word' id='word_1_339' title='bbox 906 2787 946 2828; x_wconf 81' lang='lat' dir='ltr'>V,</span> <span class='ocrx_word' id='word_1_340' title='bbox 976 2787 1055 2827; x_wconf 86' lang='lat'>451.</span> <span class='ocrx_word' id='word_1_341' title='bbox 1160 2794 1212 2827; x_wconf 83' lang='lat'>27.</span> <span class='ocrx_word' id='word_1_342' title='bbox 1252 2787 1330 2818; x_wconf 87' lang='lat' dir='ltr'>Non</span> <span class='ocrx_word' id='word_1_343' title='bbox 1369 2796 1442 2828; x_wconf 82' lang='lat' dir='ltr'>cap.</span> <span class='ocrx_word' id='word_1_344' title='bbox 1467 2786 1509 2824; x_wconf 88' lang='lat' dir='ltr'>V,</span> <span class='ocrx_word' id='word_1_345' title='bbox 1547 2786 1606 2817; x_wconf 86' lang='lat' dir='ltr'>sed</span> <span class='ocrx_word' id='word_1_346' title='bbox 1648 2785 1692 2816; x_wconf 91' lang='lat' dir='ltr'>XI</span> <span class='ocrx_word' id='word_1_347' title='bbox 1730 2786 1824 2828; x_wconf 86' lang='lat' dir='ltr'>Opp.</span> 
     </span>
     <span class='ocr_line' id='line_1_55' title="bbox 505 2831 1215 2876; baseline 0.003 -13"><span class='ocrx_word' id='word_1_348' title='bbox 505 2839 589 2864; x_wconf 88' lang='lat' dir='ltr'>tom.</span> <span class='ocrx_word' id='word_1_349' title='bbox 608 2831 677 2876; x_wconf 85' lang='lat' dir='ltr'>VH,</span> <span class='ocrx_word' id='word_1_350' title='bbox 704 2842 780 2873; x_wconf 82' lang='lat' dir='ltr'>pag.</span> <span class='ocrx_word' id='word_1_351' title='bbox 806 2841 854 2864; x_wconf 86' lang='lat'>12.</span> <span class='ocrx_word' id='word_1_352' title='bbox 952 2833 1004 2866; x_wconf 78' lang='lat'>35.</span> <span class='ocrx_word' id='word_1_353' title='bbox 1033 2833 1117 2875; x_wconf 88' lang='lat' dir='ltr'>Cap.</span> <span class='ocrx_word' id='word_1_354' title='bbox 1146 2833 1215 2865; x_wconf 84' lang='lat' dir='ltr'><strong>XII.</strong></span> 
     </span>
    </p>
   </div>
  </div>
 </body>
</html>
