<?xml version="1.0" encoding="UTF-8"?>
<!DOCTYPE html PUBLIC "-//W3C//DTD XHTML 1.0 Transitional//EN"
    "http://www.w3.org/TR/xhtml1/DTD/xhtml1-transitional.dtd">
<html xmlns="http://www.w3.org/1999/xhtml" xml:lang="en" lang="en">
 <head>
  <title>
</title>
<meta http-equiv="Content-Type" content="text/html;charset=utf-8" />
  <meta name='ocr-system' content='tesseract 3.04.00' />
  <meta name='ocr-capabilities' content='ocr_page ocr_carea ocr_par ocr_line ocrx_word'/>
</head>
<body>
  <div class='ocr_page' id='page_1' title='image "./decivilidominio04wycl_0028.png"; bbox 0 0 2050 3292; ppageno 0'>
   <div class='ocr_carea' id='block_1_1' title="bbox 234 244 1832 302">
    <p class='ocr_par' dir='ltr' id='par_1_1' title="bbox 234 244 1832 302">
     <span class='ocr_line' id='line_1_1' title="bbox 234 244 1832 302; baseline -0.014 0"><span class='ocrx_word' id='word_1_1' title='bbox 234 254 315 302; x_wconf 79' lang='lat'>378</span> <span class='ocrx_word' id='word_1_2' title='bbox 950 258 1008 288; x_wconf 81' lang='lat' dir='ltr'>DE</span> <span class='ocrx_word' id='word_1_3' title='bbox 1038 257 1173 288; x_wconf 24' lang='lat' dir='ltr'>civitat</span> <span class='ocrx_word' id='word_1_4' title='bbox 1200 257 1411 289; x_wconf 78' lang='lat' dir='ltr'>DoMtN1o.</span> <span class='ocrx_word' id='word_1_5' title='bbox 1624 244 1729 301; x_wconf 80' lang='lat' dir='ltr'><strong>[CAP.</strong></span> <span class='ocrx_word' id='word_1_6' title='bbox 1753 255 1832 282; x_wconf 75' lang='lat' dir='ltr'>xxx.</span> 
     </span>
    </p>
   </div>
   <div class='ocr_carea' id='block_1_2' title="bbox 233 363 1837 1451">
    <p class='ocr_par' dir='ltr' id='par_1_2' title="bbox 233 363 1835 551">
     <span class='ocr_line' id='line_1_2' title="bbox 280 363 1833 411; baseline -0.002 -8"><span class='ocrx_word' id='word_1_7' title='bbox 280 377 351 410; x_wconf 78' lang='lat' dir='ltr'>and,</span> <span class='ocrx_word' id='word_1_8' title='bbox 373 376 398 403; x_wconf 77' lang='lat' dir='ltr'>if</span> <span class='ocrx_word' id='word_1_9' title='bbox 415 384 460 409; x_wconf 84' lang='lat' dir='ltr'>so,</span> <span class='ocrx_word' id='word_1_10' title='bbox 581 366 765 400; x_wconf 83' lang='lat' dir='ltr'>Secundo</span> <span class='ocrx_word' id='word_1_11' title='bbox 800 364 902 409; x_wconf 84' lang='lat' dir='ltr'>dico,</span> <span class='ocrx_word' id='word_1_12' title='bbox 938 363 1145 411; x_wconf 85' lang='lat' dir='ltr'>supposito</span> <span class='ocrx_word' id='word_1_13' title='bbox 1179 365 1286 411; x_wconf 90' lang='lat' dir='ltr'>quod</span> <span class='ocrx_word' id='word_1_14' title='bbox 1319 363 1372 399; x_wconf 84' lang='lat' dir='ltr'>hii</span> <span class='ocrx_word' id='word_1_15' title='bbox 1407 375 1517 411; x_wconf 85' lang='lat' dir='ltr'>reges</span> <span class='ocrx_word' id='word_1_16' title='bbox 1551 363 1660 411; x_wconf 91' lang='lat' dir='ltr'>prius</span> <span class='ocrx_word' id='word_1_17' title='bbox 1695 375 1833 411; x_wconf 88' lang='lat' dir='ltr'>regna-</span> 
     </span>
     <span class='ocr_line' id='line_1_3' title="bbox 233 410 1833 474; baseline -0.002 -14"><span class='ocrx_word' id='word_1_18' title='bbox 233 410 499 474; x_wconf 45' lang='lat' dir='ltr'>{¹1¹1fflffss2033ssffi3</span> <span class='ocrx_word' id='word_1_19' title='bbox 522 431 661 458; x_wconf 89' lang='lat' dir='ltr'>verunt</span> <span class='ocrx_word' id='word_1_20' title='bbox 694 421 874 471; x_wconf 70' lang='lat' dir='ltr'>civiliter,</span> <span class='ocrx_word' id='word_1_21' title='bbox 909 423 1017 469; x_wconf 90' lang='lat' dir='ltr'>quod</span> <span class='ocrx_word' id='word_1_22' title='bbox 1045 421 1332 457; x_wconf 87' lang='lat' dir='ltr'>renunciarunt</span> <span class='ocrx_word' id='word_1_23' title='bbox 1361 422 1495 457; x_wconf 88' lang='lat' dir='ltr'>seculo</span> <span class='ocrx_word' id='word_1_24' title='bbox 1525 421 1617 457; x_wconf 87' lang='lat' dir='ltr'>facti</span> <span class='ocrx_word' id='word_1_25' title='bbox 1643 421 1833 470; x_wconf 74' lang='lat' dir='ltr'>episcopi,</span> 
     </span>
     <span class='ocr_line' id='line_1_4' title="bbox 300 479 1835 551; baseline 0 -36"><span class='ocrx_word' id='word_1_26' title='bbox 300 482 429 551; x_wconf 42' lang='lat' dir='ltr'>&amp;5201ssssss</span> <span class='ocrx_word' id='word_1_27' title='bbox 522 480 636 515; x_wconf 88' lang='lat' dir='ltr'>aliter</span> <span class='ocrx_word' id='word_1_28' title='bbox 671 479 774 516; x_wconf 86' lang='lat' dir='ltr'>enim</span> <span class='ocrx_word' id='word_1_29' title='bbox 810 479 987 515; x_wconf 79' lang='lat' dir='ltr'>indebite</span> <span class='ocrx_word' id='word_1_30' title='bbox 1020 479 1203 515; x_wconf 84' lang='lat' dir='ltr'>instructi</span> <span class='ocrx_word' id='word_1_31' title='bbox 1234 479 1401 515; x_wconf 87' lang='lat' dir='ltr'>fuissent</span> <span class='ocrx_word' id='word_1_32' title='bbox 1438 492 1459 515; x_wconf 92' lang='lat' dir='ltr'>a</span> <span class='ocrx_word' id='word_1_33' title='bbox 1494 487 1634 515; x_wconf 85' lang='lat' dir='ltr'>sancto</span> <span class='ocrx_word' id='word_1_34' title='bbox 1665 479 1835 518; x_wconf 80' lang='lat' dir='ltr'>Thoma.</span> 
     </span>
    </p>

    <p class='ocr_par' dir='ltr' id='par_1_3' title="bbox 333 536 1835 642">
     <span class='ocr_line' id='line_1_5' title="bbox 333 536 1834 584; baseline 0 -12"><span class='ocrx_word' id='word_1_35' title='bbox 333 538 337 542; x_wconf 78' lang='grc'><strong>“</strong></span> <span class='ocrx_word' id='word_1_36' title='bbox 434 537 439 542; x_wconf 91' lang='grc'><strong>’</strong></span> <span class='ocrx_word' id='word_1_37' title='bbox 522 540 570 573; x_wconf 88' lang='lat' dir='ltr'>Et</span> <span class='ocrx_word' id='word_1_38' title='bbox 603 539 726 574; x_wconf 88' lang='lat' dir='ltr'>sancti</span> <span class='ocrx_word' id='word_1_39' title='bbox 743 539 970 573; x_wconf 87' lang='lat' dir='ltr'>sacerdotes</span> <span class='ocrx_word' id='word_1_40' title='bbox 1004 536 1298 573; x_wconf 87' lang='lat' dir='ltr'>circumeuntes</span> <span class='ocrx_word' id='word_1_41' title='bbox 1332 538 1525 573; x_wconf 89' lang='lat' dir='ltr'>mundum</span> <span class='ocrx_word' id='word_1_42' title='bbox 1553 538 1600 573; x_wconf 88' lang='lat' dir='ltr'>ad</span> <span class='ocrx_word' id='word_1_43' title='bbox 1625 536 1834 584; x_wconf 86' lang='lat' dir='ltr'>predican—</span> 
     </span>
     <span class='ocr_line' id='line_1_6' title="bbox 522 593 1835 642; baseline 0 -12"><span class='ocrx_word' id='word_1_44' title='bbox 522 596 616 631; x_wconf 90' lang='lat' dir='ltr'>dum</span> <span class='ocrx_word' id='word_1_45' title='bbox 645 594 909 642; x_wconf 88' lang='lat' dir='ltr'>evangelium,</span> <span class='ocrx_word' id='word_1_46' title='bbox 934 594 1009 631; x_wconf 91' lang='lat' dir='ltr'>nisi</span> <span class='ocrx_word' id='word_1_47' title='bbox 1034 603 1319 642; x_wconf 78' lang='lat' dir='ltr'>cognoscentes</span> <span class='ocrx_word' id='word_1_48' title='bbox 1336 604 1525 642; x_wconf 90' lang='lat' dir='ltr'>precepta</span> <span class='ocrx_word' id='word_1_49' title='bbox 1543 593 1690 630; x_wconf 77' lang='lat' dir='ltr'>Christi</span> <span class='ocrx_word' id='word_1_50' title='bbox 1716 603 1835 642; x_wconf 89' lang='lat' dir='ltr'>atque</span> 
     </span>
    </p>

    <p class='ocr_par' dir='ltr' id='par_1_4' title="bbox 524 649 1835 703">
     <span class='ocr_line' id='line_1_7' title="bbox 524 649 1835 703; baseline -0.001 -15"><span class='ocrx_word' id='word_1_51' title='bbox 524 652 689 689; x_wconf 82' lang='lat' dir='ltr'>consilia</span> <span class='ocrx_word' id='word_1_52' title='bbox 724 652 909 688; x_wconf 80' lang='lat' dir='ltr'>vixissent</span> <span class='ocrx_word' id='word_1_53' title='bbox 942 665 1017 688; x_wconf 89' lang='lat' dir='ltr'>con</span> <span class='ocrx_word' id='word_1_54' title='bbox 1045 649 1049 703; x_wconf 73' lang='grc' dir='ltr'>Ι</span> <span class='ocrx_word' id='word_1_55' title='bbox 1079 652 1258 689; x_wconf 83' lang='lat' dir='ltr'>formiter</span> <span class='ocrx_word' id='word_1_56' title='bbox 1283 654 1332 688; x_wconf 88' lang='lat' dir='ltr'>ad</span> <span class='ocrx_word' id='word_1_57' title='bbox 1359 652 1600 698; x_wconf 81' lang='lat' dir='ltr'>doctrinam,</span> <span class='ocrx_word' id='word_1_58' title='bbox 1634 661 1717 688; x_wconf 88' lang='lat' dir='ltr'>tum</span> <span class='ocrx_word' id='word_1_59' title='bbox 1744 652 1835 700; x_wconf 90' lang='lat' dir='ltr'>quia</span> 
     </span>
    </p>

    <p class='ocr_par' dir='ltr' id='par_1_5' title="bbox 523 709 1836 815">
     <span class='ocr_line' id='line_1_8' title="bbox 523 709 1836 758; baseline -0.001 -12"><span class='ocrx_word' id='word_1_60' title='bbox 523 710 721 746; x_wconf 84' lang='lat' dir='ltr'>sciverunt</span> <span class='ocrx_word' id='word_1_61' title='bbox 753 711 861 758; x_wconf 92' lang='lat' dir='ltr'>quod</span> <span class='ocrx_word' id='word_1_62' title='bbox 895 718 1020 746; x_wconf 86' lang='lat' dir='ltr'>status</span> <span class='ocrx_word' id='word_1_63' title='bbox 1045 709 1110 745; x_wconf 91' lang='lat' dir='ltr'>ille</span> <span class='ocrx_word' id='word_1_64' title='bbox 1134 709 1354 757; x_wconf 87' lang='lat' dir='ltr'>perfeccior</span> <span class='ocrx_word' id='word_1_65' title='bbox 1377 718 1497 757; x_wconf 88' lang='lat' dir='ltr'>atque</span> <span class='ocrx_word' id='word_1_66' title='bbox 1521 709 1676 746; x_wconf 79' lang='lat' dir='ltr'>facilior</span> <span class='ocrx_word' id='word_1_67' title='bbox 1698 709 1836 745; x_wconf 88' lang='lat' dir='ltr'>fuisset</span> 
     </span>
     <span class='ocr_line' id='line_1_9' title="bbox 523 767 1835 815; baseline 0 -12"><span class='ocrx_word' id='word_1_68' title='bbox 523 767 859 815; x_wconf 88' lang='lat' dir='ltr'>incompossibilis</span> <span class='ocrx_word' id='word_1_69' title='bbox 899 767 1002 804; x_wconf 91' lang='lat' dir='ltr'>civili</span> <span class='ocrx_word' id='word_1_70' title='bbox 1036 767 1232 815; x_wconf 85' lang='lat' dir='ltr'>regimini,</span> <span class='ocrx_word' id='word_1_71' title='bbox 1267 776 1350 803; x_wconf 87' lang='lat' dir='ltr'>tum</span> <span class='ocrx_word' id='word_1_72' title='bbox 1391 767 1485 815; x_wconf 89' lang='lat' dir='ltr'>quia</span> <span class='ocrx_word' id='word_1_73' title='bbox 1524 768 1695 815; x_wconf 90' lang='lat' dir='ltr'>populus</span> <span class='ocrx_word' id='word_1_74' title='bbox 1729 779 1835 811; x_wconf 82' lang='lat' dir='ltr'>suus,</span> 
     </span>
    </p>

    <p class='ocr_par' dir='ltr' id='par_1_6' title="bbox 523 825 1836 873">
     <span class='ocr_line' id='line_1_10' title="bbox 523 825 1836 873; baseline 0 -12"><span class='ocrx_word' id='word_1_75' title='bbox 523 825 689 862; x_wconf 85' lang='lat' dir='ltr'>audiens</span> <span class='ocrx_word' id='word_1_76' title='bbox 723 838 765 862; x_wconf 83' lang='lat' dir='ltr'>ex</span> <span class='ocrx_word' id='word_1_77' title='bbox 798 838 878 861; x_wconf 88' lang='lat' dir='ltr'>uno</span> <span class='ocrx_word' id='word_1_78' title='bbox 911 826 1035 862; x_wconf 86' lang='lat' dir='ltr'>latere</span> <span class='ocrx_word' id='word_1_79' title='bbox 1080 826 1222 861; x_wconf 85' lang='lat' dir='ltr'>docere</span> <span class='ocrx_word' id='word_1_80' title='bbox 1256 825 1364 872; x_wconf 87' lang='lat' dir='ltr'>ipsos</span> <span class='ocrx_word' id='word_1_81' title='bbox 1389 825 1583 861; x_wconf 88' lang='lat' dir='ltr'>mundum</span> <span class='ocrx_word' id='word_1_82' title='bbox 1609 825 1836 873; x_wconf 81' lang='lat' dir='ltr'>relinquere</span> 
     </span>
    </p>

    <p class='ocr_par' dir='ltr' id='par_1_7' title="bbox 523 882 1834 931">
     <span class='ocr_line' id='line_1_11' title="bbox 523 882 1834 931; baseline -0.001 -12"><span class='ocrx_word' id='word_1_83' title='bbox 523 891 559 919; x_wconf 87' lang='lat' dir='ltr'>et</span> <span class='ocrx_word' id='word_1_84' title='bbox 593 896 635 919; x_wconf 87' lang='lat' dir='ltr'>ex</span> <span class='ocrx_word' id='word_1_85' title='bbox 669 883 748 919; x_wconf 90' lang='lat' dir='ltr'>alio</span> <span class='ocrx_word' id='word_1_86' title='bbox 781 883 916 919; x_wconf 86' lang='lat' dir='ltr'>videns</span> <span class='ocrx_word' id='word_1_87' title='bbox 950 895 1016 919; x_wconf 91' lang='lat' dir='ltr'>eos</span> <span class='ocrx_word' id='word_1_88' title='bbox 1050 884 1305 931; x_wconf 78' lang='lat' dir='ltr'>peregrinare</span> <span class='ocrx_word' id='word_1_89' title='bbox 1339 884 1388 919; x_wconf 89' lang='lat' dir='ltr'>ad</span> <span class='ocrx_word' id='word_1_90' title='bbox 1413 882 1693 919; x_wconf 84' lang='lat' dir='ltr'>seminandum</span> <span class='ocrx_word' id='word_1_91' title='bbox 1719 895 1834 919; x_wconf 84' lang='lat' dir='ltr'>evan-</span> 
     </span>
    </p>

    <p class='ocr_par' dir='ltr' id='par_1_8' title="bbox 522 940 1837 989">
     <span class='ocr_line' id='line_1_12' title="bbox 522 940 1837 989; baseline -0.001 -12"><span class='ocrx_word' id='word_1_92' title='bbox 522 940 668 988; x_wconf 87' lang='lat' dir='ltr'>gelium</span> <span class='ocrx_word' id='word_1_93' title='bbox 701 954 782 978; x_wconf 92' lang='lat' dir='ltr'>non</span> <span class='ocrx_word' id='word_1_94' title='bbox 813 941 1023 977; x_wconf 86' lang='lat' dir='ltr'>sustineret</span> <span class='ocrx_word' id='word_1_95' title='bbox 1048 953 1114 977; x_wconf 89' lang='lat' dir='ltr'>eos</span> <span class='ocrx_word' id='word_1_96' title='bbox 1137 950 1328 988; x_wconf 76' lang='lat' dir='ltr'>tanquam</span> <span class='ocrx_word' id='word_1_97' title='bbox 1356 941 1487 977; x_wconf 89' lang='lat' dir='ltr'>civiles</span> <span class='ocrx_word' id='word_1_98' title='bbox 1512 940 1709 989; x_wconf 83' lang='lat' dir='ltr'>dominos,</span> <span class='ocrx_word' id='word_1_99' title='bbox 1742 940 1837 988; x_wconf 89' lang='lat' dir='ltr'>quin</span> 
     </span>
    </p>

    <p class='ocr_par' dir='ltr' id='par_1_9' title="bbox 522 999 1837 1047">
     <span class='ocr_line' id='line_1_13' title="bbox 522 999 1837 1047; baseline 0 -12"><span class='ocrx_word' id='word_1_100' title='bbox 522 999 661 1046; x_wconf 86' lang='lat' dir='ltr'>pocius</span> <span class='ocrx_word' id='word_1_101' title='bbox 695 1012 738 1035; x_wconf 81' lang='lat' dir='ltr'>ex</span> <span class='ocrx_word' id='word_1_102' title='bbox 772 999 1016 1047; x_wconf 88' lang='lat' dir='ltr'>patrimonio</span> <span class='ocrx_word' id='word_1_103' title='bbox 1051 999 1082 1035; x_wconf 90' lang='lat' dir='ltr'>si</span> <span class='ocrx_word' id='word_1_104' title='bbox 1116 1000 1224 1046; x_wconf 88' lang='lat' dir='ltr'>quod</span> <span class='ocrx_word' id='word_1_105' title='bbox 1255 999 1480 1035; x_wconf 87' lang='lat' dir='ltr'>habuerunt</span> <span class='ocrx_word' id='word_1_106' title='bbox 1505 1000 1690 1035; x_wconf 88' lang='lat' dir='ltr'>dotarent</span> <span class='ocrx_word' id='word_1_107' title='bbox 1713 999 1837 1035; x_wconf 88' lang='lat' dir='ltr'>eccle-</span> 
     </span>
    </p>

    <p class='ocr_par' dir='ltr' id='par_1_10' title="bbox 523 1056 1837 1105">
     <span class='ocr_line' id='line_1_14' title="bbox 523 1056 1837 1105; baseline 0 -13"><span class='ocrx_word' id='word_1_108' title='bbox 523 1058 611 1103; x_wconf 85' lang='lat' dir='ltr'>sias,</span> <span class='ocrx_word' id='word_1_109' title='bbox 647 1066 689 1092; x_wconf 91' lang='lat' dir='ltr'>ut</span> <span class='ocrx_word' id='word_1_110' title='bbox 723 1056 852 1093; x_wconf 87' lang='lat' dir='ltr'>innuit</span> <span class='ocrx_word' id='word_1_111' title='bbox 876 1057 1055 1093; x_wconf 88' lang='lat' dir='ltr'>historia.</span> <span class='ocrx_word' id='word_1_112' title='bbox 1090 1059 1172 1092; x_wconf 88' lang='lat' dir='ltr'>Nec</span> <span class='ocrx_word' id='word_1_113' title='bbox 1206 1066 1336 1092; x_wconf 83' lang='lat' dir='ltr'>movet</span> <span class='ocrx_word' id='word_1_114' title='bbox 1361 1058 1469 1105; x_wconf 89' lang='lat' dir='ltr'>quod</span> <span class='ocrx_word' id='word_1_115' title='bbox 1502 1056 1647 1104; x_wconf 85' lang='lat' dir='ltr'>sepulti</span> <span class='ocrx_word' id='word_1_116' title='bbox 1679 1057 1837 1093; x_wconf 85' lang='lat' dir='ltr'>fuerant</span> 
     </span>
    </p>

    <p class='ocr_par' dir='ltr' id='par_1_11' title="bbox 524 1114 1837 1163">
     <span class='ocr_line' id='line_1_15' title="bbox 524 1114 1837 1163; baseline -0.001 -13"><span class='ocrx_word' id='word_1_117' title='bbox 524 1114 719 1161; x_wconf 82' lang='lat' dir='ltr'>coronati,</span> <span class='ocrx_word' id='word_1_118' title='bbox 759 1115 851 1163; x_wconf 87' lang='lat' dir='ltr'>quia</span> <span class='ocrx_word' id='word_1_119' title='bbox 892 1116 1110 1151; x_wconf 88' lang='lat' dir='ltr'>secundum</span> <span class='ocrx_word' id='word_1_120' title='bbox 1151 1115 1399 1150; x_wconf 87' lang='lat' dir='ltr'>voluntatem</span> <span class='ocrx_word' id='word_1_121' title='bbox 1442 1114 1563 1150; x_wconf 89' lang='lat' dir='ltr'>seculi</span> <span class='ocrx_word' id='word_1_122' title='bbox 1602 1114 1708 1151; x_wconf 87' lang='lat' dir='ltr'>facta</span> <span class='ocrx_word' id='word_1_123' title='bbox 1746 1122 1837 1151; x_wconf 88' lang='lat' dir='ltr'>sunt</span> 
     </span>
    </p>

    <p class='ocr_par' dir='ltr' id='par_1_12' title="bbox 236 1172 1836 1394">
     <span class='ocr_line' id='line_1_16' title="bbox 284 1172 1835 1223; baseline 0 -15"><span class='ocrx_word' id='word_1_124' title='bbox 284 1189 456 1223; x_wconf 70' lang='lat' dir='ltr'>Tharthey</span> <span class='ocrx_word' id='word_1_125' title='bbox 522 1173 639 1219; x_wconf 89' lang='lat' dir='ltr'>ydola</span> <span class='ocrx_word' id='word_1_126' title='bbox 686 1181 951 1219; x_wconf 90' lang='lat' dir='ltr'>mortuorum,</span> <span class='ocrx_word' id='word_1_127' title='bbox 998 1173 1145 1208; x_wconf 89' lang='lat' dir='ltr'>nedum</span> <span class='ocrx_word' id='word_1_128' title='bbox 1193 1173 1232 1207; x_wconf 90' lang='lat' dir='ltr'>in</span> <span class='ocrx_word' id='word_1_129' title='bbox 1278 1172 1472 1208; x_wconf 85' lang='lat' dir='ltr'>indicium</span> <span class='ocrx_word' id='word_1_130' title='bbox 1512 1180 1638 1208; x_wconf 88' lang='lat' dir='ltr'>status</span> <span class='ocrx_word' id='word_1_131' title='bbox 1677 1173 1716 1209; x_wconf 92' lang='lat' dir='ltr'>in</span> <span class='ocrx_word' id='word_1_132' title='bbox 1757 1185 1835 1220; x_wconf 88' lang='lat' dir='ltr'>quo</span> 
     </span>
     <span class='ocr_line' id='line_1_17' title="bbox 268 1223 1835 1285; baseline -0.001 -19"><span class='ocrx_word' id='word_1_133' title='bbox 268 1223 476 1285; x_wconf 40' lang='lat' dir='ltr'>‘vg&#39;f&#39;gxfflssgjsd</span> <span class='ocrx_word' id='word_1_134' title='bbox 522 1230 717 1276; x_wconf 86' lang='lat' dir='ltr'>obierant,</span> <span class='ocrx_word' id='word_1_135' title='bbox 762 1232 830 1266; x_wconf 86' lang='lat' dir='ltr'>sed</span> <span class='ocrx_word' id='word_1_136' title='bbox 876 1230 1130 1266; x_wconf 91' lang='lat' dir='ltr'>communius</span> <span class='ocrx_word' id='word_1_137' title='bbox 1176 1229 1354 1266; x_wconf 83' lang='lat' dir='ltr'>indicant</span> <span class='ocrx_word' id='word_1_138' title='bbox 1394 1230 1673 1266; x_wconf 82' lang='lat' dir='ltr'>excellenciam</span> <span class='ocrx_word' id='word_1_139' title='bbox 1715 1243 1835 1278; x_wconf 88' lang='lat' dir='ltr'>quam</span> 
     </span>
     <span class='ocr_line' id='line_1_18' title="bbox 236 1287 1834 1335; baseline -0.003 -8"><span class='ocrx_word' id='word_1_140' title='bbox 236 1293 497 1327; x_wconf 62' lang='lat' dir='ltr'>provesnounng.</span> <span class='ocrx_word' id='word_1_141' title='bbox 523 1297 614 1324; x_wconf 89' lang='lat' dir='ltr'>ante</span> <span class='ocrx_word' id='word_1_142' title='bbox 648 1289 872 1324; x_wconf 84' lang='lat' dir='ltr'>habuerant</span> <span class='ocrx_word' id='word_1_143' title='bbox 907 1297 974 1325; x_wconf 88' lang='lat' dir='ltr'>aut</span> <span class='ocrx_word' id='word_1_144' title='bbox 1005 1300 1106 1324; x_wconf 85' lang='lat' dir='ltr'>vane</span> <span class='ocrx_word' id='word_1_145' title='bbox 1137 1287 1298 1335; x_wconf 85' lang='lat' dir='ltr'>fingitur</span> <span class='ocrx_word' id='word_1_146' title='bbox 1321 1301 1401 1324; x_wconf 88' lang='lat' dir='ltr'>non</span> <span class='ocrx_word' id='word_1_147' title='bbox 1425 1288 1604 1324; x_wconf 85' lang='lat' dir='ltr'>existens.</span> <span class='ocrx_word' id='word_1_148' title='bbox 1640 1288 1705 1324; x_wconf 85' lang='lat' dir='ltr'>Sic</span> <span class='ocrx_word' id='word_1_149' title='bbox 1731 1288 1834 1324; x_wconf 89' lang='lat' dir='ltr'>enim</span> 
     </span>
     <span class='ocr_line' id='line_1_19' title="bbox 522 1345 1836 1394; baseline -0.001 -12"><span class='ocrx_word' id='word_1_150' title='bbox 522 1346 692 1394; x_wconf 90' lang='lat' dir='ltr'>pictores</span> <span class='ocrx_word' id='word_1_151' title='bbox 733 1346 953 1394; x_wconf 85' lang='lat' dir='ltr'>depingunt</span> <span class='ocrx_word' id='word_1_152' title='bbox 977 1347 1177 1382; x_wconf 86' lang='lat' dir='ltr'>Christum</span> <span class='ocrx_word' id='word_1_153' title='bbox 1212 1346 1250 1381; x_wconf 91' lang='lat' dir='ltr'>in</span> <span class='ocrx_word' id='word_1_154' title='bbox 1285 1345 1438 1382; x_wconf 86' lang='lat' dir='ltr'>braccis</span> <span class='ocrx_word' id='word_1_155' title='bbox 1472 1345 1603 1382; x_wconf 86' lang='lat' dir='ltr'>aureis</span> <span class='ocrx_word' id='word_1_156' title='bbox 1637 1355 1673 1382; x_wconf 88' lang='lat' dir='ltr'>et</span> <span class='ocrx_word' id='word_1_157' title='bbox 1703 1345 1836 1382; x_wconf 86' lang='lat' dir='ltr'>Trini-</span> 
     </span>
    </p>

    <p class='ocr_par' dir='ltr' id='par_1_13' title="bbox 523 1403 1836 1451">
     <span class='ocr_line' id='line_1_20' title="bbox 523 1403 1836 1451; baseline -0.001 -11"><span class='ocrx_word' id='word_1_158' title='bbox 523 1412 643 1440; x_wconf 89' lang='lat' dir='ltr'>tatem</span> <span class='ocrx_word' id='word_1_159' title='bbox 691 1404 730 1439; x_wconf 88' lang='lat' dir='ltr'>in</span> <span class='ocrx_word' id='word_1_160' title='bbox 770 1404 897 1451; x_wconf 90' lang='lat' dir='ltr'>figura</span> <span class='ocrx_word' id='word_1_161' title='bbox 937 1404 1057 1440; x_wconf 87' lang='lat' dir='ltr'>trium</span> <span class='ocrx_word' id='word_1_162' title='bbox 1098 1403 1333 1440; x_wconf 82' lang='lat' dir='ltr'>animalium</span> <span class='ocrx_word' id='word_1_163' title='bbox 1374 1403 1468 1440; x_wconf 88' lang='lat' dir='ltr'>satis</span> <span class='ocrx_word' id='word_1_164' title='bbox 1508 1415 1689 1448; x_wconf 87' lang='lat' dir='ltr'>erronee;</span> <span class='ocrx_word' id='word_1_165' title='bbox 1744 1403 1836 1440; x_wconf 87' lang='lat' dir='ltr'>libri</span> 
     </span>
    </p>
   </div>
   <div class='ocr_carea' id='block_1_3' title="bbox 254 1461 1834 1625">
    <p class='ocr_par' dir='ltr' id='par_1_14' title="bbox 254 1461 1834 1625">
     <span class='ocr_line' id='line_1_21' title="bbox 523 1461 1834 1510; baseline 0 -13"><span class='ocrx_word' id='word_1_166' title='bbox 523 1462 657 1510; x_wconf 87' lang='lat' dir='ltr'>itaque</span> <span class='ocrx_word' id='word_1_167' title='bbox 696 1462 916 1509; x_wconf 86' lang='lat' dir='ltr'>laycorum,</span> <span class='ocrx_word' id='word_1_168' title='bbox 962 1475 1098 1509; x_wconf 83' lang='lat' dir='ltr'>ymmo</span> <span class='ocrx_word' id='word_1_169' title='bbox 1138 1471 1175 1497; x_wconf 88' lang='lat' dir='ltr'>et</span> <span class='ocrx_word' id='word_1_170' title='bbox 1215 1462 1450 1498; x_wconf 87' lang='lat' dir='ltr'>clericorum</span> <span class='ocrx_word' id='word_1_171' title='bbox 1492 1471 1583 1498; x_wconf 87' lang='lat' dir='ltr'>sunt</span> <span class='ocrx_word' id='word_1_172' title='bbox 1615 1461 1834 1510; x_wconf 87' lang='lat' dir='ltr'>plurimum</span> 
     </span>
     <span class='ocr_line' id='line_1_22' title="bbox 522 1519 748 1556; baseline 0 -1"><span class='ocrx_word' id='word_1_173' title='bbox 522 1519 748 1556; x_wconf 87' lang='lat' dir='ltr'>incorrecti.</span> 
     </span>
     <span class='ocr_line' id='line_1_23' title="bbox 254 1577 1833 1625; baseline 0.003 -15"><span class='ocrx_word' id='word_1_174' title='bbox 254 1584 480 1618; x_wconf 71' lang='lat' dir='ltr'>ssishopsmav</span> <span class='ocrx_word' id='word_1_175' title='bbox 581 1579 657 1613; x_wconf 86' lang='lat' dir='ltr'>Sed</span> <span class='ocrx_word' id='word_1_176' title='bbox 708 1577 831 1613; x_wconf 86' lang='lat' dir='ltr'>tercio</span> <span class='ocrx_word' id='word_1_177' title='bbox 877 1577 1142 1625; x_wconf 88' lang='lat' dir='ltr'>relinquendo</span> <span class='ocrx_word' id='word_1_178' title='bbox 1188 1577 1295 1613; x_wconf 89' lang='lat' dir='ltr'>illam</span> <span class='ocrx_word' id='word_1_179' title='bbox 1350 1577 1604 1614; x_wconf 87' lang='lat' dir='ltr'>verisimilem</span> <span class='ocrx_word' id='word_1_180' title='bbox 1659 1577 1833 1625; x_wconf 88' lang='lat' dir='ltr'>topicam</span> 
     </span>
    </p>
   </div>
   <div class='ocr_carea' id='block_1_4' title="bbox 261 1615 1837 1686">
    <p class='ocr_par' dir='ltr' id='par_1_15' title="bbox 261 1615 1837 1686">
     <span class='ocr_line' id='line_1_24' title="bbox 264 1615 1765 1645; baseline -0.004 -1"><span class='ocrx_word' id='word_1_181' title='bbox 264 1619 410 1645; x_wconf 80' lang='lat' dir='ltr'>maintain</span> <span class='ocrx_word' id='word_1_182' title='bbox 434 1615 483 1645; x_wconf 73' lang='lat' dir='ltr'>tlse</span> <span class='ocrx_word' id='word_1_183' title='bbox 1124 1635 1130 1640; x_wconf 94' lang='lat'>.</span> <span class='ocrx_word' id='word_1_184' title='bbox 1286 1635 1291 1640; x_wconf 92' lang='lat'>.</span> <span class='ocrx_word' id='word_1_185' title='bbox 1401 1635 1407 1640; x_wconf 90' lang='lat'>.</span> <span class='ocrx_word' id='word_1_186' title='bbox 1759 1635 1765 1641; x_wconf 83' lang='lat'><strong><em>.</em></strong></span> 
     </span>
     <span class='ocr_line' id='line_1_25' title="bbox 261 1636 1837 1686; baseline -0.001 -14"><span class='ocrx_word' id='word_1_187' title='bbox 261 1654 356 1686; x_wconf 60' lang='lat' dir='ltr'>rights</span> <span class='ocrx_word' id='word_1_188' title='bbox 378 1653 411 1680; x_wconf 83' lang='lat' dir='ltr'>of</span> <span class='ocrx_word' id='word_1_189' title='bbox 428 1653 478 1680; x_wconf 78' lang='lat' dir='ltr'>the</span> <span class='ocrx_word' id='word_1_190' title='bbox 523 1636 824 1671; x_wconf 86' lang='lat' dir='ltr'>concedendum</span> <span class='ocrx_word' id='word_1_191' title='bbox 861 1644 929 1681; x_wconf 85' lang='lat' dir='ltr'>est,</span> <span class='ocrx_word' id='word_1_192' title='bbox 965 1637 1073 1683; x_wconf 89' lang='lat' dir='ltr'>quod</span> <span class='ocrx_word' id='word_1_193' title='bbox 1106 1637 1198 1671; x_wconf 87' lang='lat' dir='ltr'>hcet</span> <span class='ocrx_word' id='word_1_194' title='bbox 1232 1647 1431 1683; x_wconf 83' lang='lat' dir='ltr'>episcopis</span> <span class='ocrx_word' id='word_1_195' title='bbox 1465 1636 1610 1672; x_wconf 88' lang='lat' dir='ltr'>habere</span> <span class='ocrx_word' id='word_1_196' title='bbox 1640 1636 1837 1684; x_wconf 81' lang='lat' dir='ltr'>quotlibet</span> 
     </span>
    </p>
   </div>
   <div class='ocr_carea' id='block_1_5' title="bbox 251 1688 1836 1750">
    <p class='ocr_par' dir='ltr' id='par_1_16' title="bbox 251 1688 1836 1750">
     <span class='ocr_line' id='line_1_26' title="bbox 251 1688 1836 1750; baseline 0.001 -22"><span class='ocrx_word' id='word_1_197' title='bbox 251 1688 495 1750; x_wconf 46' lang='grc' dir='ltr'>Πξϊὴζξξῑὲωξῑξῖῃ</span> <span class='ocrx_word' id='word_1_198' title='bbox 523 1693 762 1741; x_wconf 87' lang='lat' dir='ltr'>temporalia</span> <span class='ocrx_word' id='word_1_199' title='bbox 796 1702 838 1728; x_wconf 92' lang='lat' dir='ltr'>ut</span> <span class='ocrx_word' id='word_1_200' title='bbox 873 1693 1062 1741; x_wconf 85' lang='lat' dir='ltr'>pecunias</span> <span class='ocrx_word' id='word_1_201' title='bbox 1097 1702 1133 1729; x_wconf 90' lang='lat' dir='ltr'>et</span> <span class='ocrx_word' id='word_1_202' title='bbox 1167 1693 1304 1741; x_wconf 88' lang='lat' dir='ltr'>predia</span> <span class='ocrx_word' id='word_1_203' title='bbox 1338 1694 1534 1730; x_wconf 87' lang='lat' dir='ltr'>subducta</span> <span class='ocrx_word' id='word_1_204' title='bbox 1567 1694 1677 1730; x_wconf 93' lang='lat' dir='ltr'>omni</span> <span class='ocrx_word' id='word_1_205' title='bbox 1712 1693 1836 1730; x_wconf 86' lang='lat' dir='ltr'>civili-</span> 
     </span>
    </p>
   </div>
   <div class='ocr_carea' id='block_1_6' title="bbox 323 1750 1889 1799">
    <p class='ocr_par' dir='ltr' id='par_1_17' title="bbox 323 1750 1889 1799">
     <span class='ocr_line' id='line_1_27' title="bbox 323 1750 1889 1799; baseline 0.003 -16"><span class='ocrx_word' id='word_1_206' title='bbox 323 1759 411 1784; x_wconf 61' lang='lat' dir='ltr'>arms.</span> <span class='ocrx_word' id='word_1_207' title='bbox 522 1760 602 1787; x_wconf 89' lang='lat' dir='ltr'>tate</span> <span class='ocrx_word' id='word_1_208' title='bbox 648 1763 691 1787; x_wconf 81' lang='lat' dir='ltr'>ex</span> <span class='ocrx_word' id='word_1_209' title='bbox 739 1750 856 1787; x_wconf 87' lang='lat' dir='ltr'>titulo</span> <span class='ocrx_word' id='word_1_210' title='bbox 897 1751 1029 1799; x_wconf 78' lang='lat' dir='ltr'>gracie</span> <span class='ocrx_word' id='word_1_211' title='bbox 1068 1760 1105 1787; x_wconf 92' lang='lat' dir='ltr'>et</span> <span class='ocrx_word' id='word_1_212' title='bbox 1144 1750 1359 1787; x_wconf 88' lang='lat' dir='ltr'>elemosine</span> <span class='ocrx_word' id='word_1_213' title='bbox 1399 1752 1655 1788; x_wconf 85' lang='lat' dir='ltr'>dominorum</span> <span class='ocrx_word' id='word_1_214' title='bbox 1698 1753 1765 1788; x_wconf 87' lang='lat' dir='ltr'>sed</span> <span class='ocrx_word' id='word_1_215' title='bbox 1800 1760 1835 1787; x_wconf 88' lang='lat' dir='ltr'>et</span> <span class='ocrx_word' id='word_1_216' title='bbox 1880 1755 1889 1759; x_wconf 75' lang='lat'><strong><em>‘</em></strong></span> 
     </span>
    </p>
   </div>
   <div class='ocr_carea' id='block_1_7' title="bbox 522 1808 1836 2320">
    <p class='ocr_par' dir='ltr' id='par_1_18' title="bbox 522 1808 1836 2320">
     <span class='ocr_line' id='line_1_28' title="bbox 525 1808 1834 1857; baseline 0.001 -13"><span class='ocrx_word' id='word_1_217' title='bbox 525 1808 610 1856; x_wconf 87' lang='lat' dir='ltr'>ipsa</span> <span class='ocrx_word' id='word_1_218' title='bbox 634 1817 801 1856; x_wconf 88' lang='lat' dir='ltr'>possunt</span> <span class='ocrx_word' id='word_1_219' title='bbox 838 1818 1016 1857; x_wconf 90' lang='lat' dir='ltr'>repetere</span> <span class='ocrx_word' id='word_1_220' title='bbox 1040 1818 1159 1857; x_wconf 88' lang='lat' dir='ltr'>atque</span> <span class='ocrx_word' id='word_1_221' title='bbox 1184 1809 1393 1845; x_wconf 86' lang='lat' dir='ltr'>defendere</span> <span class='ocrx_word' id='word_1_222' title='bbox 1417 1811 1637 1846; x_wconf 85' lang='lat' dir='ltr'>secundum</span> <span class='ocrx_word' id='word_1_223' title='bbox 1663 1810 1834 1846; x_wconf 87' lang='lat' dir='ltr'>formam</span> 
     </span>
     <span class='ocr_line' id='line_1_29' title="bbox 525 1867 1834 1915; baseline 0.001 -13"><span class='ocrx_word' id='word_1_224' title='bbox 525 1875 672 1903; x_wconf 87' lang='lat' dir='ltr'>tactam</span> <span class='ocrx_word' id='word_1_225' title='bbox 724 1867 793 1903; x_wconf 79' lang='lat' dir='ltr'>XV</span> <span class='ocrx_word' id='word_1_226' title='bbox 845 1867 1020 1914; x_wconf 88' lang='lat' dir='ltr'>capitulo</span> <span class='ocrx_word' id='word_1_227' title='bbox 1075 1867 1204 1913; x_wconf 86' lang='lat' dir='ltr'>huius,</span> <span class='ocrx_word' id='word_1_228' title='bbox 1269 1867 1416 1903; x_wconf 84' lang='lat' dir='ltr'>scilicet</span> <span class='ocrx_word' id='word_1_229' title='bbox 1477 1868 1595 1903; x_wconf 90' lang='lat' dir='ltr'>oculo</span> <span class='ocrx_word' id='word_1_230' title='bbox 1648 1867 1834 1915; x_wconf 90' lang='lat' dir='ltr'>simplici,</span> 
     </span>
     <span class='ocr_line' id='line_1_30' title="bbox 524 1924 1836 1973; baseline 0 -13"><span class='ocrx_word' id='word_1_231' title='bbox 524 1926 595 1960; x_wconf 86' lang='lat' dir='ltr'>sub</span> <span class='ocrx_word' id='word_1_232' title='bbox 630 1924 792 1960; x_wconf 87' lang='lat' dir='ltr'>racione</span> <span class='ocrx_word' id='word_1_233' title='bbox 826 1937 902 1972; x_wconf 90' lang='lat' dir='ltr'>qua</span> <span class='ocrx_word' id='word_1_234' title='bbox 936 1934 1028 1961; x_wconf 88' lang='lat' dir='ltr'>sunt</span> <span class='ocrx_word' id='word_1_235' title='bbox 1061 1924 1293 1961; x_wconf 85' lang='lat' dir='ltr'>communia</span> <span class='ocrx_word' id='word_1_236' title='bbox 1322 1926 1425 1962; x_wconf 88' lang='lat' dir='ltr'>bona</span> <span class='ocrx_word' id='word_1_237' title='bbox 1450 1925 1628 1970; x_wconf 79' lang='lat' dir='ltr'>ecclesie,</span> <span class='ocrx_word' id='word_1_238' title='bbox 1662 1935 1703 1962; x_wconf 93' lang='lat' dir='ltr'>ut</span> <span class='ocrx_word' id='word_1_239' title='bbox 1727 1933 1836 1973; x_wconf 85' lang='lat' dir='ltr'>patet</span> 
     </span>
     <span class='ocr_line' id='line_1_31' title="bbox 522 1979 1832 2034; baseline 0.001 -17"><span class='ocrx_word' id='word_1_240' title='bbox 522 1984 611 2017; x_wconf 85' lang='lat' dir='ltr'>XIV</span> <span class='ocrx_word' id='word_1_241' title='bbox 646 1983 854 2030; x_wconf 81' lang='lat' dir='ltr'>questione</span> <span class='ocrx_word' id='word_1_242' title='bbox 889 1984 1019 2030; x_wconf 90' lang='lat' dir='ltr'>prima</span> <span class='ocrx_word' id='word_1_243' title='bbox 1051 1984 1290 2032; x_wconf 78' lang='lat' dir='ltr'>Episcopzts;</span> <span class='ocrx_word' id='word_1_244' title='bbox 1334 1995 1413 2019; x_wconf 91' lang='lat' dir='ltr'>non</span> <span class='ocrx_word' id='word_1_245' title='bbox 1447 1993 1578 2019; x_wconf 89' lang='lat' dir='ltr'>autem</span> <span class='ocrx_word' id='word_1_246' title='bbox 1614 1979 1832 2034; x_wconf 53' lang='lat' dir='ltr'>tanquam}</span> 
     </span>
     <span class='ocr_line' id='line_1_32' title="bbox 524 2039 1835 2089; baseline 0.001 -14"><span class='ocrx_word' id='word_1_247' title='bbox 524 2039 655 2077; x_wconf 84' lang='lat' dir='ltr'>civiles</span> <span class='ocrx_word' id='word_1_248' title='bbox 696 2040 963 2088; x_wconf 77' lang='lat' dir='ltr'>proprietarii,</span> <span class='ocrx_word' id='word_1_249' title='bbox 1004 2042 1064 2077; x_wconf 87' lang='lat' dir='ltr'>vel</span> <span class='ocrx_word' id='word_1_250' title='bbox 1104 2041 1237 2089; x_wconf 83' lang='lat' dir='ltr'>gracia</span> <span class='ocrx_word' id='word_1_251' title='bbox 1276 2040 1376 2077; x_wconf 91' lang='lat' dir='ltr'>lucri</span> <span class='ocrx_word' id='word_1_252' title='bbox 1410 2040 1662 2089; x_wconf 86' lang='lat' dir='ltr'>temporalis;</span> <span class='ocrx_word' id='word_1_253' title='bbox 1712 2049 1748 2077; x_wconf 92' lang='lat' dir='ltr'>et</span> <span class='ocrx_word' id='word_1_254' title='bbox 1779 2041 1835 2077; x_wconf 89' lang='lat' dir='ltr'>sic</span> 
     </span>
     <span class='ocr_line' id='line_1_33' title="bbox 525 2097 1834 2147; baseline 0.002 -14"><span class='ocrx_word' id='word_1_255' title='bbox 525 2097 650 2134; x_wconf 84' lang='lat' dir='ltr'>nostri</span> <span class='ocrx_word' id='word_1_256' title='bbox 684 2098 827 2145; x_wconf 86' lang='lat' dir='ltr'>prelati</span> <span class='ocrx_word' id='word_1_257' title='bbox 861 2100 1056 2135; x_wconf 83' lang='lat' dir='ltr'>servando</span> <span class='ocrx_word' id='word_1_258' title='bbox 1091 2099 1272 2135; x_wconf 85' lang='lat' dir='ltr'>ordinem</span> <span class='ocrx_word' id='word_1_259' title='bbox 1298 2099 1519 2135; x_wconf 83' lang='lat' dir='ltr'>sacerdocii</span> <span class='ocrx_word' id='word_1_260' title='bbox 1542 2098 1634 2135; x_wconf 86' lang='lat' dir='ltr'>facti</span> <span class='ocrx_word' id='word_1_261' title='bbox 1659 2098 1834 2147; x_wconf 89' lang='lat' dir='ltr'>episcopi</span> 
     </span>
     <span class='ocr_line' id='line_1_34' title="bbox 525 2156 1836 2206; baseline 0.002 -15"><span class='ocrx_word' id='word_1_262' title='bbox 525 2156 749 2192; x_wconf 83' lang='lat' dir='ltr'>animarum</span> <span class='ocrx_word' id='word_1_263' title='bbox 784 2169 865 2191; x_wconf 89' lang='lat' dir='ltr'>non</span> <span class='ocrx_word' id='word_1_264' title='bbox 900 2158 1114 2206; x_wconf 87' lang='lat' dir='ltr'>pecudum,</span> <span class='ocrx_word' id='word_1_265' title='bbox 1155 2158 1241 2205; x_wconf 88' lang='lat' dir='ltr'>plus</span> <span class='ocrx_word' id='word_1_266' title='bbox 1274 2156 1524 2193; x_wconf 85' lang='lat' dir='ltr'>intendentes</span> <span class='ocrx_word' id='word_1_267' title='bbox 1558 2156 1670 2193; x_wconf 91' lang='lat' dir='ltr'>bonis</span> <span class='ocrx_word' id='word_1_268' title='bbox 1703 2157 1836 2193; x_wconf 87' lang='lat' dir='ltr'>anime</span> 
     </span>
     <span class='ocr_line' id='line_1_35' title="bbox 526 2214 1835 2262; baseline 0 -13"><span class='ocrx_word' id='word_1_269' title='bbox 526 2226 646 2261; x_wconf 83' lang='lat' dir='ltr'>quam</span> <span class='ocrx_word' id='word_1_270' title='bbox 693 2214 850 2250; x_wconf 88' lang='lat' dir='ltr'>fortune</span> <span class='ocrx_word' id='word_1_271' title='bbox 895 2215 1024 2250; x_wconf 90' lang='lat' dir='ltr'>forent</span> <span class='ocrx_word' id='word_1_272' title='bbox 1080 2215 1211 2251; x_wconf 85' lang='lat' dir='ltr'>verius</span> <span class='ocrx_word' id='word_1_273' title='bbox 1258 2224 1293 2251; x_wconf 88' lang='lat' dir='ltr'>et</span> <span class='ocrx_word' id='word_1_274' title='bbox 1339 2214 1600 2251; x_wconf 80' lang='lat' dir='ltr'>excellencius</span> <span class='ocrx_word' id='word_1_275' title='bbox 1640 2227 1750 2262; x_wconf 88' lang='lat' dir='ltr'>reges</span> <span class='ocrx_word' id='word_1_276' title='bbox 1796 2214 1835 2250; x_wconf 90' lang='lat' dir='ltr'>in</span> 
     </span>
     <span class='ocr_line' id='line_1_36' title="bbox 527 2271 1835 2320; baseline 0.002 -13"><span class='ocrx_word' id='word_1_277' title='bbox 527 2284 649 2319; x_wconf 87' lang='lat' dir='ltr'>regno</span> <span class='ocrx_word' id='word_1_278' title='bbox 673 2271 820 2307; x_wconf 85' lang='lat' dir='ltr'>Christi</span> <span class='ocrx_word' id='word_1_279' title='bbox 855 2285 974 2320; x_wconf 89' lang='lat' dir='ltr'>quam</span> <span class='ocrx_word' id='word_1_280' title='bbox 1011 2272 1166 2309; x_wconf 91' lang='lat' dir='ltr'>domini</span> <span class='ocrx_word' id='word_1_281' title='bbox 1201 2273 1398 2310; x_wconf 87' lang='lat' dir='ltr'>seculares</span> <span class='ocrx_word' id='word_1_282' title='bbox 1431 2272 1538 2308; x_wconf 83' lang='lat' dir='ltr'>iuxta</span> <span class='ocrx_word' id='word_1_283' title='bbox 1561 2273 1658 2308; x_wconf 88' lang='lat' dir='ltr'>illud</span> <span class='ocrx_word' id='word_1_284' title='bbox 1684 2275 1709 2308; x_wconf 94' lang='grc' dir='ltr'>Ι.</span> <span class='ocrx_word' id='word_1_285' title='bbox 1736 2275 1835 2310; x_wconf 83' lang='lat' dir='ltr'>Petr.</span> 
     </span>
    </p>
   </div>
   <div class='ocr_carea' id='block_1_8' title="bbox 528 2330 1891 2381">
    <p class='ocr_par' dir='ltr' id='par_1_19' title="bbox 528 2330 1891 2381">
     <span class='ocr_line' id='line_1_37' title="bbox 528 2330 1891 2381; baseline 0 -16"><span class='ocrx_word' id='word_1_286' title='bbox 528 2331 571 2375; x_wconf 90' lang='lat' dir='ltr'>II,</span> <span class='ocrx_word' id='word_1_287' title='bbox 605 2341 648 2378; x_wconf 77' lang='lat'>9:</span> <span class='ocrx_word' id='word_1_288' title='bbox 693 2330 764 2365; x_wconf 86' lang='lat' dir='ltr'>Vos</span> <span class='ocrx_word' id='word_1_289' title='bbox 796 2330 885 2366; x_wconf 74' lang='lat' dir='ltr'>estis</span> <span class='ocrx_word' id='word_1_290' title='bbox 915 2343 1039 2380; x_wconf 80' lang='lat' dir='ltr'>genus</span> <span class='ocrx_word' id='word_1_291' title='bbox 1072 2332 1246 2377; x_wconf 82' lang='lat' dir='ltr'>electum,</span> <span class='ocrx_word' id='word_1_292' title='bbox 1288 2331 1424 2381; x_wconf 76' lang='lat' dir='ltr'>regale</span> <span class='ocrx_word' id='word_1_293' title='bbox 1455 2331 1735 2366; x_wconf 74' lang='lat' dir='ltr'>sacerdocium.</span> <span class='ocrx_word' id='word_1_294' title='bbox 1790 2332 1836 2366; x_wconf 85' lang='lat' dir='ltr'>Et</span> <span class='ocrx_word' id='word_1_295' title='bbox 1878 2333 1891 2365; x_wconf 74' lang='grc' dir='ltr'>ἶ</span> 
     </span>
    </p>
   </div>
   <div class='ocr_carea' id='block_1_9' title="bbox 526 2386 1836 2482">
    <p class='ocr_par' dir='ltr' id='par_1_20' title="bbox 526 2386 1836 2482">
     <span class='ocr_line' id='line_1_38' title="bbox 529 2386 1836 2439; baseline 0.001 -17"><span class='ocrx_word' id='word_1_296' title='bbox 529 2387 559 2423; x_wconf 88' lang='lat' dir='ltr'>si</span> <span class='ocrx_word' id='word_1_297' title='bbox 594 2386 795 2423; x_wconf 84' lang='lat' dir='ltr'>declinant</span> <span class='ocrx_word' id='word_1_298' title='bbox 829 2389 877 2423; x_wconf 88' lang='lat' dir='ltr'>ab</span> <span class='ocrx_word' id='word_1_299' title='bbox 912 2388 987 2424; x_wconf 88' lang='lat' dir='ltr'>isto</span> <span class='ocrx_word' id='word_1_300' title='bbox 1021 2388 1154 2425; x_wconf 88' lang='lat' dir='ltr'>officio</span> <span class='ocrx_word' id='word_1_301' title='bbox 1179 2390 1227 2425; x_wconf 88' lang='lat' dir='ltr'>ad</span> <span class='ocrx_word' id='word_1_302' title='bbox 1262 2388 1452 2436; x_wconf 83' lang='lat' dir='ltr'>regaliam</span> <span class='ocrx_word' id='word_1_303' title='bbox 1488 2388 1711 2439; x_wconf 75' lang='lat' dir='ltr'>gentilium,</span> <span class='ocrx_word' id='word_1_304' title='bbox 1744 2401 1836 2424; x_wconf 88' lang='lat' dir='ltr'>con-</span> 
     </span>
     <span class='ocr_line' id='line_1_39' title="bbox 526 2445 954 2482; baseline 0.002 -1"><span class='ocrx_word' id='word_1_305' title='bbox 526 2445 697 2481; x_wconf 88' lang='lat' dir='ltr'>fundunt</span> <span class='ocrx_word' id='word_1_306' title='bbox 731 2445 954 2482; x_wconf 88' lang='lat' dir='ltr'>ecclesiam.</span> 
     </span>
    </p>
   </div>
   <div class='ocr_carea' id='block_1_10' title="bbox 250 2503 1837 2609">
    <p class='ocr_par' dir='ltr' id='par_1_21' title="bbox 250 2503 1837 2609">
     <span class='ocr_line' id='line_1_40' title="bbox 288 2503 1836 2552; baseline -0.002 -9"><span class='ocrx_word' id='word_1_307' title='bbox 288 2509 466 2548; x_wconf 74' lang='lat' dir='ltr'>ijectionz</span> <span class='ocrx_word' id='word_1_308' title='bbox 584 2503 785 2539; x_wconf 86' lang='lat' dir='ltr'>Vicesimo</span> <span class='ocrx_word' id='word_1_309' title='bbox 825 2503 879 2539; x_wconf 90' lang='lat' dir='ltr'>sic</span> <span class='ocrx_word' id='word_1_310' title='bbox 919 2503 1118 2551; x_wconf 87' lang='lat' dir='ltr'>arguitur:</span> <span class='ocrx_word' id='word_1_311' title='bbox 1167 2503 1206 2540; x_wconf 85' lang='lat' dir='ltr'>Si</span> <span class='ocrx_word' id='word_1_312' title='bbox 1246 2517 1350 2552; x_wconf 91' lang='lat' dir='ltr'>papa</span> <span class='ocrx_word' id='word_1_313' title='bbox 1390 2517 1468 2540; x_wconf 91' lang='lat' dir='ltr'>non</span> <span class='ocrx_word' id='word_1_314' title='bbox 1503 2504 1552 2540; x_wconf 89' lang='lat' dir='ltr'>sit</span> <span class='ocrx_word' id='word_1_315' title='bbox 1585 2504 1765 2552; x_wconf 88' lang='lat' dir='ltr'>superior</span> <span class='ocrx_word' id='word_1_316' title='bbox 1797 2503 1836 2539; x_wconf 92' lang='lat' dir='ltr'>in</span> 
     </span>
     <span class='ocr_line' id='line_1_41' title="bbox 250 2544 1837 2609; baseline 0.001 -14"><span class='ocrx_word' id='word_1_317' title='bbox 250 2544 511 2606; x_wconf 51' lang='lat' dir='ltr'>53¹1,{‚¹}00¹‡g¹f}{1.d</span> <span class='ocrx_word' id='word_1_318' title='bbox 528 2561 819 2608; x_wconf 86' lang='lat' dir='ltr'>temporalibus</span> <span class='ocrx_word' id='word_1_319' title='bbox 852 2562 1037 2598; x_wconf 87' lang='lat' dir='ltr'>omnibus</span> <span class='ocrx_word' id='word_1_320' title='bbox 1072 2561 1311 2608; x_wconf 88' lang='lat' dir='ltr'>christianis,</span> <span class='ocrx_word' id='word_1_321' title='bbox 1347 2562 1447 2599; x_wconf 89' lang='lat' dir='ltr'>sicut</span> <span class='ocrx_word' id='word_1_322' title='bbox 1478 2571 1534 2598; x_wconf 89' lang='lat' dir='ltr'>est</span> <span class='ocrx_word' id='word_1_323' title='bbox 1558 2562 1597 2598; x_wconf 90' lang='lat' dir='ltr'>in</span> <span class='ocrx_word' id='word_1_324' title='bbox 1621 2561 1837 2609; x_wconf 83' lang='lat' dir='ltr'>spirituali-</span> 
     </span>
    </p>
   </div>
   <div class='ocr_carea' id='block_1_11' title="bbox 528 2672 1836 2809">
    <p class='ocr_par' dir='ltr' id='par_1_22' title="bbox 528 2672 1836 2809">
     <span class='ocr_line' id='line_1_42' title="bbox 599 2672 1836 2708; baseline 0 -9"><span class='ocrx_word' id='word_1_325' title='bbox 599 2681 673 2704; x_wconf 58' lang='lat'><em>1-—4</em></span> <span class='ocrx_word' id='word_1_326' title='bbox 696 2673 823 2707; x_wconf 79' lang='lat' dir='ltr'>Aliquot</span> <span class='ocrx_word' id='word_1_327' title='bbox 845 2673 935 2699; x_wconf 74' lang='lat' dir='ltr'>verba</span> <span class='ocrx_word' id='word_1_328' title='bbox 956 2673 1142 2699; x_wconf 77' lang='lat' dir='ltr'>exciderunt.</span> <span class='ocrx_word' id='word_1_329' title='bbox 1240 2680 1282 2699; x_wconf 77' lang='lat'>22.</span> <span class='ocrx_word' id='word_1_330' title='bbox 1305 2672 1398 2700; x_wconf 50' lang='lat' dir='ltr'>Coti:</span> <span class='ocrx_word' id='word_1_331' title='bbox 1423 2673 1613 2708; x_wconf 77' lang='lat' dir='ltr'>reliquendo.</span> <span class='ocrx_word' id='word_1_332' title='bbox 1711 2680 1753 2707; x_wconf 83' lang='lat'>27.</span> <span class='ocrx_word' id='word_1_333' title='bbox 1777 2675 1836 2699; x_wconf 74' lang='grc' dir='ltr'>[ιω-</span> 
     </span>
     <span class='ocr_line' id='line_1_43' title="bbox 528 2707 1269 2739; baseline 0 -6"><span class='ocrx_word' id='word_1_334' title='bbox 528 2710 599 2733; x_wconf 69' lang='lat' dir='ltr'>tnm.</span> <span class='ocrx_word' id='word_1_335' title='bbox 623 2707 717 2734; x_wconf 53' lang='lat' dir='ltr'>(joa.-</span> <span class='ocrx_word' id='word_1_336' title='bbox 740 2708 886 2739; x_wconf 78' lang='lat' dir='ltr'>tacilam;</span> <span class='ocrx_word' id='word_1_337' title='bbox 906 2708 945 2734; x_wconf 83' lang='lat' dir='ltr'>ib.</span> <span class='ocrx_word' id='word_1_338' title='bbox 969 2707 1063 2734; x_wconf 60' lang='lat' dir='ltr'>Coa:</span> <span class='ocrx_word' id='word_1_339' title='bbox 1085 2708 1269 2734; x_wconf 68' lang='lat' dir='ltr'>huiusmodi.</span> 
     </span>
     <span class='ocr_line' id='line_1_44' title="bbox 600 2766 1836 2809; baseline -0.001 -11"><span class='ocrx_word' id='word_1_340' title='bbox 600 2768 651 2799; x_wconf 68' lang='lat'>30.</span> <span class='ocrx_word' id='word_1_341' title='bbox 679 2768 776 2798; x_wconf 80' lang='lat' dir='ltr'>Decr.</span> <span class='ocrx_word' id='word_1_342' title='bbox 796 2768 871 2798; x_wconf 84' lang='lat' dir='ltr'>Sec.</span> <span class='ocrx_word' id='word_1_343' title='bbox 893 2768 983 2807; x_wconf 79' lang='lat' dir='ltr'>Pars,</span> <span class='ocrx_word' id='word_1_344' title='bbox 1004 2778 1107 2798; x_wconf 82' lang='lat' dir='ltr'>causa</span> <span class='ocrx_word' id='word_1_345' title='bbox 1126 2767 1215 2808; x_wconf 84' lang='lat' dir='ltr'>XIV,</span> <span class='ocrx_word' id='word_1_346' title='bbox 1236 2778 1294 2809; x_wconf 89' lang='lat' dir='ltr'>qu.</span> <span class='ocrx_word' id='word_1_347' title='bbox 1313 2766 1341 2807; x_wconf 80' lang='lat' dir='ltr'>I7</span> <span class='ocrx_word' id='word_1_348' title='bbox 1362 2778 1433 2809; x_wconf 78' lang='lat' dir='ltr'>cap.</span> <span class='ocrx_word' id='word_1_349' title='bbox 1453 2766 1477 2800; x_wconf 93' lang='lat' dir='ltr'>I.</span> <span class='ocrx_word' id='word_1_350' title='bbox 1554 2777 1604 2808; x_wconf 81' lang='lat'>27.</span> <span class='ocrx_word' id='word_1_351' title='bbox 1632 2766 1836 2798; x_wconf 81' lang='lat' dir='ltr'>Aristoteles</span> 
     </span>
    </p>
   </div>
   <div class='ocr_carea' id='block_1_12' title="bbox 529 2812 1835 2902">
    <p class='ocr_par' dir='ltr' id='par_1_23' title="bbox 529 2812 1835 2902">
     <span class='ocr_line' id='line_1_45' title="bbox 530 2812 1835 2856; baseline 0 -13"><span class='ocrx_word' id='word_1_352' title='bbox 530 2812 606 2846; x_wconf 77' lang='lat' dir='ltr'>Eth.</span> <span class='ocrx_word' id='word_1_353' title='bbox 645 2813 878 2844; x_wconf 80' lang='lat' dir='ltr'>Nicomachea</span> <span class='ocrx_word' id='word_1_354' title='bbox 903 2813 925 2853; x_wconf 84' lang='lat' dir='ltr'>I,</span> <span class='ocrx_word' id='word_1_355' title='bbox 964 2825 971 2844; x_wconf 95' lang='lat'>1</span> <span class='ocrx_word' id='word_1_356' title='bbox 1015 2813 1151 2856; x_wconf 86' lang='lat' dir='ltr'>(artifex</span> <span class='ocrx_word' id='word_1_357' title='bbox 1186 2814 1444 2855; x_wconf 83' lang='lat' dir='ltr'>frenofactivus,</span> <span class='ocrx_word' id='word_1_358' title='bbox 1489 2815 1629 2845; x_wconf 86' lang='lat' dir='ltr'>rectius:</span> <span class='ocrx_word' id='word_1_359' title='bbox 1663 2814 1696 2844; x_wconf 87' lang='lat' dir='ltr'>in</span> <span class='ocrx_word' id='word_1_360' title='bbox 1729 2813 1835 2844; x_wconf 87' lang='lat' dir='ltr'>frenis</span> 
     </span>
     <span class='ocr_line' id='line_1_46' title="bbox 529 2858 1123 2902; baseline 0.003 -13"><span class='ocrx_word' id='word_1_361' title='bbox 529 2858 755 2891; x_wconf 77' lang='lat' dir='ltr'>conficiendis</span> <span class='ocrx_word' id='word_1_362' title='bbox 781 2874 823 2886; x_wconf 68' lang='grc' dir='ltr'>Ξ</span> <span class='ocrx_word' id='word_1_363' title='bbox 853 2858 1123 2902; x_wconf 77' lang='grc' dir='ltr'><em>χαλινοποιικὴ).</em></span> 
     </span>
    </p>
   </div>
   <div class='ocr_carea' id='block_1_13' title="bbox 1858 898 1894 918">
    <p class='ocr_par' dir='ltr' id='par_1_24' title="bbox 1858 898 1894 918">
     <span class='ocr_line' id='line_1_47' title="bbox 1858 898 1894 918; baseline 0 0"><span class='ocrx_word' id='word_1_364' title='bbox 1858 898 1894 918; x_wconf 82' lang='grc' dir='ltr'>ΙΟ</span> 
     </span>
    </p>
   </div>
   <div class='ocr_carea' id='block_1_14' title="bbox 1858 1176 1892 1208">
    <p class='ocr_par' dir='ltr' id='par_1_25' title="bbox 1858 1176 1892 1208">
     <span class='ocr_line' id='line_1_48' title="bbox 1858 1176 1892 1208; baseline 0.059 -2"><span class='ocrx_word' id='word_1_365' title='bbox 1858 1176 1892 1208; x_wconf 79' lang='grc'>15</span> 
     </span>
    </p>
   </div>
   <div class='ocr_carea' id='block_1_15' title="bbox 1854 1475 1895 1495">
    <p class='ocr_par' dir='ltr' id='par_1_26' title="bbox 1854 1475 1895 1495">
     <span class='ocr_line' id='line_1_49' title="bbox 1854 1475 1895 1495; baseline 0 0"><span class='ocrx_word' id='word_1_366' title='bbox 1854 1475 1895 1495; x_wconf 79' lang='lat'>20</span> 
     </span>
    </p>
   </div>
  </div>
 </body>
</html>
