2050 3292
220 188 308 215 cAp.
327 179 471 232 xxvu]
688 190 821 222 LIBER
846 185 1054 225 TERTlUs.

98 298 178 332 263⁰
224 296 445 344 multiplici,
480 292 640 332 eliciens
670 295 975 332 distinccionem
1000 295 1197 343 triplicem
1224 292 1228 348 Ι
1255 304 1384 332 actum
1411 308 1527 332 evan-

223 354 392 401 gelicum
426 362 462 390 et
494 352 660 391 civilem.
694 354 878 390 Secundo
910 354 1097 401 ponendo
1128 353 1400 390 differenciam
1425 353 1528 389 inter

217 419 399 460 prestare
431 424 476 447 ac
509 418 681 460 repetere
709 410 980 458 evangelicum
1005 423 1051 447 ac
1075 410 1189 447 civile
1214 412 1402 457 declarat,
1437 423 1526 447 cum

223 468 366 517 quibus
399 468 714 505 circumstanciis
746 468 838 505 licet
870 469 1022 505 clericis
1056 470 1159 505 bona
1192 481 1261 505 sua
1291 478 1467 517 repetere
1491 477 1527 505 et

191 526 437 563 50biciendo
469 527 576 574 quod
608 525 795 562 dominus
828 539 932 574 papa
964 535 1092 574 potest
1125 526 1355 574 dispensare
1389 535 1527 562 contra

223 585 450 632 apostolum
495 584 672 620 infirmat
714 583 812 619 illud
855 584 1034 620 tollendo
1080 583 1315 631 evidencias‚
1359 583 1526 621 tercium

224 655 296 690 par
342 650 503 678 actuum
551 650 607 677 est
651 641 862 678 venditacio
907 650 944 678 et
988 642 1144 690 empciO,
1193 655 1364 691 quorum
1419 641 1528 689 equi-

223 699 480 736 vocacionem
534 700 720 747 detegens
771 699 947 736 declarat
998 699 1168 748 qualiter
1228 709 1265 736 et
1326 700 1529 748 quomodo

226 757 349 794 civilis
383 756 581 793 mercacio
615 755 768 793 clericis
801 756 1014 802 inhibetur,
1055 765 1092 794 et
1124 757 1315 794 solvendo
1348 757 1529 794 obiectus

171 827 209 848 10
226 815 402 851 declarat
424 816 627 862 quomodo
651 815 773 851 homo
796 823 926 862 potest
948 823 1114 863 peccata
1137 815 1354 860 remittere,
1389 814 1528 863 quinto

225 873 341 909 docet
383 873 491 920 quod
541 871 673 908 clerici
718 872 862 908 debent
906 874 1119 909 mercando
1171 873 1282 921 sequi
1327 874 1529 910 Christum

226 931 359 966 dando
391 930 638 977 prestancius
670 942 742 978 pro
764 929 894 966 viliori
917 938 954 966 et
977 932 1183 979 quomodo
1213 943 1256 967 ex
1281 930 1531 967 mercacione

224 986 285 1024 vie
328 996 486 1024 taxatur
531 999 681 1024 merces
724 987 764 1023 in
809 987 872 1024 die
909 987 1058 1025 iudicii.
1111 990 1190 1025 Sed
1226 997 1334 1025 sexto
1373 988 1532 1036 exponit

226 1044 519 1082 mercacionem
555 1045 742 1082 monachi
774 1046 993 1082 secundum
1017 1045 1260 1083 sentenciam
1284 1046 1390 1083 beati
1414 1048 1532 1082 Bern-

173 1104 209 1137 15
226 1103 341 1139 hardi
386 1104 619 1151 exponendo
653 1115 879 1140 sermonem
914 1102 1076 1140 Domini
1120 1104 1161 1140 in
1196 1113 1329 1141 monte
1362 1104 1408 1140 de
1440 1113 1531 1141 octo

226 1160 551 1198 beatitudinibus.

284 1218 513 1267 Capitulum
548 1219 747 1256 decimum
788 1227 938 1255 sextum
980 1228 1126 1256 tractat
1158 1219 1290 1267 primo
1324 1221 1371 1256 de
1404 1220 1534 1256 locare

226 1285 346 1324 atque
390 1277 615 1321 conducere,
667 1278 843 1313 secundo
888 1277 934 1313 de
978 1278 1231 1314 accomodare
1274 1285 1311 1314 et
1343 1285 1534 1325 mutuare,

225 1346 423 1383 exponens
470 1334 568 1371 illud
602 1336 695 1371 Luc.
729 1335 797 1370 XI:
851 1334 994 1381 Amice,
1048 1336 1256 1371 accomoda
1299 1336 1416 1371 michi
1456 1343 1535 1372 tres

171 1404 355 1442 2opanes,
399 1391 524 1429 tercio
570 1392 782 1428 tractando
826 1393 872 1428 de
919 1393 1185 1440 promissione
1229 1393 1324 1430 facit
1362 1405 1427 1429 sex
1459 1393 1535 1429 evi-

227 1450 387 1487 dencias
431 1452 481 1487 ad
525 1450 772 1486 suadendum
821 1451 930 1498 quod
973 1449 1157 1487 illicitum
1202 1459 1259 1487 est
1304 1450 1457 1488 clericis
1498 1451 1536 1486 in

226 1508 314 1544 foro
360 1507 462 1544 civili
508 1520 578 1544 sua
623 1515 815 1555 repetere.
868 1510 923 1544 Ex
961 1508 1104 1556 quibus
1149 1508 1353 1545 concludit
1397 1508 1536 1557 triplex

229 1566 500 1613 correlarium7
535 1567 642 1614 quod
675 1565 906 1601 fundatores
936 1566 1078 1603 debent
1100 1568 1147 1603 de
1178 1567 1262 1603 zelo
1286 1568 1429 1603 domus
1453 1566 1536 1614 Dei,

230 1623 297 1671 qui
330 1624 445 1660 debet
479 1622 699 1668 comedere,
735 1622 894 1659 divicias
918 1624 1061 1661 abusas
1084 1624 1320 1661 clericorum
1345 1633 1535 1673 repetere,

175 1682 213 1714 25
231 1690 375 1729 quarto
418 1681 591 1718 ostendit
641 1681 847 1730 quomodo
899 1680 1101 1718 fideiussio
1152 1690 1294 1719 nature
1344 1681 1536 1719 racionali

232 1738 439 1776 conveniat
479 1748 514 1775 et
559 1738 780 1776 discuciens
812 1739 860 1775 de
893 1739 1148 1777 fideiussione
1180 1740 1330 1788 triplici
1362 1741 1537 1777 declarat

232 1798 437 1845 quomodo
454 1799 560 1833 Deus
577 1795 770 1833 fideiussit
785 1796 938 1833 homini
963 1806 999 1834 et
1023 1799 1131 1846 quod
1155 1797 1358 1834 fideiussio
1382 1811 1454 1835 sua
1476 1797 1548 1834 fuit

232 1854 444 1903 stipulacio
489 1863 526 1890 et
564 1855 769 1903 quomodo
808 1854 881 1890 fuit
920 1856 1117 1893 mediator
1150 1856 1221 1892 Dei
1261 1865 1297 1892 et
1336 1855 1547 1893 hominum

232 1912 409 1949 scribens
433 1913 724 1960 cyrographum
750 1912 910 1958 decreti,
936 1914 983 1950 de
999 1927 1079 1962 quo
1096 1915 1304 1951 Colocens.
1322 1915 1373 1963 113
1399 1922 1435 1950 et
1451 1927 1548 1962 quo-

113 1970 193 2005 263d
234 1971 353 2006 modo
376 1979 534 2018 oportet
557 1983 629 2006 nos
651 1969 883 2017 crucifigere
907 1984 1067 2008 carnem
1091 1980 1269 2009 nostram
1297 1967 1300 2024 Ι
1328 1973 1546 2008 secundum

233 2040 390 2065 crucem
437 2027 684 2076 simplicem3
729 2029 890 2064 demum
938 2029 1142 2066 redeundo
1177 2029 1226 2066 ad
1258 2038 1391 2066 actum
1427 2031 1547 2078 depo-

232 2085 393 2123 sicionis
441 2087 663 2135 detegendo
709 2085 791 2122 eius
837 2086 1191 2134 equivocacionem
1236 2087 1436 2135 triplicem
1487 2100 1548 2123 ex-

232 2144 369 2191 planat
421 2145 626 2193 quomodo
679 2142 883 2191 deposicio
937 2145 1092 2182 celestis
1151 2154 1232 2182 tam
1287 2148 1371 2182 Deo
1424 2158 1545 2193 quam

234 2210 415 2238 creature
460 2201 671 2239 conveniat
723 2209 758 2239 et
802 2214 977 2251 congrue
1022 2205 1228 2252 quomodo
1277 2203 1420 2251 pignus
1464 2211 1546 2239 tam

176 2261 216 2294 35
235 2258 413 2296 divinum
447 2273 568 2308 quam
602 2260 821 2297 humanum
856 2260 971 2297 datur
995 2260 1034 2297 in
1059 2269 1269 2298 contractu
1292 2261 1396 2298 inter
1419 2263 1546 2297 Deum

234 2326 271 2353 et
303 2317 524 2356 hominem.

290 2374 520 2423 Capitulum
554 2376 752 2412 decimum
787 2376 1001 2424 septimum
1041 2375 1183 2413 nititur
1215 2377 1394 2413 colorare
1428 2388 1544 2424 repu-

194 2427 196 2429 ’
232 2432 424 2480 gnancias
448 2433 551 2469 inter
574 2433 811 2470 Nicholaum
837 2436 886 2470 111
910 2443 946 2470 et
967 2435 1190 2471 Johannem
1213 2436 1335 2479 XXII;
1371 2446 1541 2482 quarum

232 2490 363 2538 prima
405 2498 481 2528 stat
519 2493 626 2539 quod
659 2491 848 2529 Nicolaus
889 2500 1061 2529 reservat
1100 2492 1261 2529 racione
1300 2491 1464 2528 ecclesie
1505 2491 1545 2527 in

175 2559 218 2590 40
232 2548 441 2585 honestum
491 2557 528 2585 et
560 2550 736 2585 declarat
769 2562 812 2586 ex
844 2550 929 2597 lege
972 2549 1290 2598 repugnancium
1331 2562 1376 2585 ac
1411 2550 1546 2596 regula

232 2606 442 2654 Augustini
487 2606 618 2655 primo
663 2609 719 2643 De
765 2607 908 2644 Libero
946 2607 1124 2644 Arbitrio
1168 2607 1276 2655 quod
1320 2608 1546 2655 questiones

300 2794 341 2824 23.
364 2795 459 2824 Cod.:
481 2797 578 2825 debet.

1732 185 1811 234 655

1588 305 1765 344 Summary.

1586 1232 1682 1268 Chap.
1706 1235 1784 1262 XVI.

1578 2392 1675 2429 Chap.
1701 2392 1791 2420 XVll.
