2050 3292
238 216 327 244 cAf’.
349 207 477 259 xxm]
706 217 840 249 LIBER
866 216 1076 249 TERTms.
1757 219 1836 258 533

238 324 381 361 merita
411 323 706 372 prepositorum
742 331 778 359 et
806 322 982 370 plebium
1010 322 1088 358 sint
1113 334 1302 368 connexa,
1338 335 1550 359 caveamus

236 395 308 419 nos
341 381 489 418 subditi
521 390 687 429 peccata
721 389 914 428 quantum
951 379 1185 417 sufficimus.

119 443 198 475 216⁰
295 439 510 476 Redeundo
543 451 636 486 ergo
660 437 893 474 conceditur
916 439 1025 486 quod
1048 437 1199 485 positus
1226 435 1231 485 Ι
1262 437 1300 473 in
1328 436 1552 484 adopcione
1566 433 1842 494 Ifltssgtcfflffrfflssg

238 499 409 534 duorum
455 498 652 533 bonorum
699 508 799 544 eque
845 494 1094 543 possibilium
1136 506 1173 531 et
1206 494 1333 531 sciens
1367 493 1552 530 distincte
1568 502 1670 529 which
1687 510 1731 528 we
1747 503 1841 528 know

205 559 359 591 5unum
396 567 532 590 eorum
582 566 665 590 esse
698 555 782 589 Deo
816 552 1024 601 accepcius
1071 553 1111 588 in
1145 552 1385 588 dimittendo
1418 551 1552 599 ipsum
1587 538 1814 606 aggessfafflg’stto

238 621 275 648 et
327 612 509 660 eligendo
561 610 670 647 aliud
722 619 860 658 peccat
905 610 1138 659 mortaliter,
1191 609 1285 658 quia
1337 608 1554 646 committit
1574 606 1703 667 comGrgidt
1721 613 1835 667 gista!

238 669 392 706 crimen
436 668 711 705 inobediencie
745 676 993 715 contempni.
1040 670 1087 703 Et
1120 667 1193 703 iste
1226 667 1381 703 videtur
1414 679 1552 703 sensus
1674 675 1732 701 sin.

238 727 344 763 beati
388 726 609 763 Bernhardi
654 726 694 762 in
736 728 791 761 De
825 728 1018 773 Precepto
1067 734 1103 760 et
1136 724 1448 772 Dispensacione
1490 737 1554 760 ca-

238 785 364 833 pitulo
395 786 447 820 X:
494 784 547 830 Si,
592 783 735 831 inquit‚
770 784 917 819 iubente
947 783 1098 819 seniore
1137 790 1177 818 ut
1227 783 1361 818 sileam
1396 783 1552 818 verbum

186 856 224 877 10
239 843 356 878 michi
373 843 487 891 forte
515 854 587 890 per
618 841 844 877 oblivionem
879 841 1055 884 elabitur,
1097 853 1203 876 reum
1239 853 1297 876 me
1320 840 1460 888 fateor
1498 840 1552 875 in-

239 900 454 936 obediencie
493 900 561 935 sed
605 899 825 943 venialiter,·
868 899 903 934 si
932 910 983 934 ex
1015 905 1231 947 contemptu
1269 899 1391 933 sciens
1423 904 1458 932 et
1491 897 1553 933 de-

239 958 406 993 liberans
456 964 589 1006 sponte
641 957 676 991 in
730 957 846 992 verba
894 968 1114 1005 prorumpo
1167 956 1380 1004 rumpendo
1427 955 1553 1004 legem

237 1015 394 1061 silencii,
432 1013 769 1063 prevaricatorem
815 1026 875 1049 me
912 1013 1099 1049 constituo
1140 1020 1174 1048 et
1207 1012 1475 1058 criminaliter,
1520 1019 1554 1047 et

237 1074 271 1109 si
311 1073 520 1121 impenitens
556 1083 766 1120 persevero
807 1083 921 1120 usque
952 1071 1004 1106 ad
1036 1077 1214 1117 mortem,
1244 1070 1405 1119 peccavi
1435 1069 1553 1105 eciam

187 1130 549 1180 13dampnabiliter.
612 1130 712 1165 Cum
775 1141 868 1176 ergo
920 1128 1139 1164 secundum
1200 1127 1319 1164 istum
1372 1135 1552 1163 sanctum

239 1189 324 1224 VIII
350 1186 526 1235 capitulo
549 1195 629 1223 tam
657 1187 828 1234 qualitas
853 1195 1148 1234 preceptorum,
1184 1198 1303 1233 quam
1336 1183 1555 1221 auctoritas

240 1244 555 1294 precipiencium
588 1244 820 1281 obediencie
852 1243 1009 1292 prefigit
1043 1252 1188 1279 metam
1221 1252 1257 1279 et
1279 1241 1555 1278 inobediencie

241 1303 431 1339 terminat
476 1302 648 1352 culpam,
699 1302 754 1339 sic
799 1302 908 1350 quod
947 1299 1226 1337 inobediencia
1266 1299 1429 1348 prelatis
1468 1312 1556 1348 gra-

241 1360 360 1397 vioris
403 1359 665 1406 auctoritatis,
713 1359 875 1396 maioris
908 1358 1094 1395 utilitatis
1139 1359 1255 1407 culpa
1301 1357 1459 1406 gravior
1498 1357 1556 1393 in-

187 1432 228 1453 20
244 1418 416 1455 curritur
460 1430 504 1454 ex
549 1425 793 1467 contemptu,
837 1417 972 1464 patule
1016 1416 1185 1462 videtur,
1239 1418 1347 1464 quod
1392 1416 1555 1463 quando

244 1479 349 1513 Deus
381 1487 535 1512 summe
569 1475 818 1512 auctoritatis
850 1473 1021 1522 precipit
1044 1473 1316 1517 utilissimum,
1352 1482 1408 1509 est
1433 1470 1556 1519 magis

243 1533 429 1570 delictum
478 1532 648 1570 scienter
694 1533 791 1569 illud
837 1531 1022 1568 omittere
1068 1544 1187 1579 quam
1222 1531 1254 1567 si
1287 1540 1421 1567 actum
1457 1542 1554 1566 neu-

243 1601 348 1628 trum
393 1590 537 1638 prelati
582 1590 790 1638 religiosus
835 1589 998 1637 negligit
1036 1590 1097 1625 vel
1137 1588 1401 1637 contempnit.
1455 1589 1555 1624 Cum

245 1662 339 1697 ergo
371 1649 591 1685 secundum
624 1648 745 1685 istum
781 1656 963 1684 sanctum
996 1647 1036 1683 in
1070 1646 1259 1694 operibus
1294 1645 1433 1683 mediis
1466 1646 1557 1681 sub-

187 1710 225 1742 25
244 1707 348 1743 ditus
380 1714 539 1743 tenetur
572 1707 643 1742 sub
676 1718 781 1754 pena
814 1705 967 1753 peccati
1002 1703 1184 1741 mortalis
1217 1704 1381 1740 obedire
1415 1715 1556 1751 prepo-

117 1766 198 1800 216‘i
243 1764 332 1814 sito,
379 1763 434 1800 sic
480 1765 588 1811 quod
632 1764 803 1800 scienter
848 1772 884 1799 et
929 1775 972 1799 ex
1017 1762 1312 1799 deliberacione
1348 1758 1352 1813 ι
1388 1759 1556 1797 consilio

244 1822 379 1859 divino
412 1821 622 1868 resistitur,
662 1821 751 1858 ideo
785 1820 990 1857 conclusio
1024 1820 1141 1856 huius
1174 1819 1301 1857 sancti
1332 1820 1419 1855 XIV
1452 1816 1558 1865 capi-

242 1880 326 1916 tulo
372 1887 447 1916 est:
498 1879 591 1915 Cum
638 1891 748 1915 omne
788 1886 989 1928 peccatum
1034 1885 1169 1914 contra
1214 1877 1291 1913 Dei
1333 1876 1556 1912 mandatum

239 1937 494 1987 presumitur,
521 1949 566 1973 eo
591 1938 698 1985 quod
721 1939 826 1973 Deus
860 1936 1047 1984 prohibet
1075 1947 1193 1972 omne
1210 1943 1435 1984 peccatum,
1468 1945 1558 1982 que-

187 1999 229 2031 30
244 2006 389 2044 cunque
421 1994 597 2039 venialia,
632 2007 716 2031 cum
751 2001 956 2031 vertuntur
988 1994 1023 2029 in
1056 2005 1165 2030 usum
1189 2000 1224 2029 et
1247 1991 1558 2029 consuetudinem

243 2053 349 2103 fiunt
380 2052 524 2089 crimen
556 2053 695 2103 gravis
728 2052 960 2099 rebellionis,
1004 2064 1074 2100 que
1102 2051 1215 2099 prius
1247 2057 1361 2086 erant
1395 2048 1558 2085 venialia

243 2110 427 2159 simplicis
471 2110 807 2160 transgressionis.
861 2110 969 2156 Quis,
1014 2108 1157 2157 inquit,
1201 2120 1294 2145 sane
1333 2107 1436 2143 dicat
1469 2107 1560 2155 plus

244 2166 488 2205 tribuendum
521 2168 698 2204 humanis
729 2179 841 2216 quam
877 2167 1015 2203 divinis
1038 2166 1329 2211 tradicionibus,
1357 2164 1560 2214 plurisque

242 2226 345 2275 quod
381 2238 454 2276 per
509 2238 598 2262 suos
650 2226 757 2262 Deus
800 2238 912 2274 quam
967 2237 1041 2274 per
1086 2224 1332 2273 semetipsum
1393 2222 1561 2270 imperat

187 2286 226 2319 35
244 2283 528 2320 estimandum?
579 2285 661 2320 Nec
693 2283 812 2320 refert
857 2282 937 2319 sive
969 2283 1079 2319 Deus
1125 2281 1287 2318 mandet
1331 2278 1445 2316 nobis
1490 2291 1559 2326 per

245 2349 431 2378 auctores
464 2340 555 2377 novi
578 2342 640 2377 vel
671 2340 813 2377 veteris
844 2339 1075 2376 testamenti
1097 2340 1159 2375 vel
1181 2351 1252 2387 per
1276 2348 1559 2386 quemcunque

200 2414 203 2417 “
245 2398 491 2447 prepositum
517 2397 805 2446 precipientem
824 2397 970 2434 Christi
994 2396 1207 2434 consilium
1231 2396 1292 2432 vel
1308 2396 1558 2438 mandatum,

245 2455 338 2505 quia
361 2458 466 2493 Luce
488 2457 533 2504 X,
567 2456 615 2494 16
648 2455 743 2492 dicit
773 2455 974 2492 Christus:
1015 2455 1090 2499 Qui
1121 2467 1188 2491 vos
1220 2453 1339 2499 audit,
1372 2465 1432 2488 me
1453 2452 1561 2488 audit

244 2521 279 2550 et
310 2514 373 2562 qui
404 2526 470 2550 vos
501 2513 659 2562 spernit,
692 2525 751 2549 me
781 2513 940 2562 spernit,
976 2522 1012 2548 et
1045 2524 1115 2560 per
1148 2522 1397 2559 consequens
1431 2512 1558 2546 Deum

312 2666 338 2692 7.
367 2657 461 2685 Cod.:
493 2660 651 2692 conceptu.
742 2664 771 2691 9.
798 2657 893 2684 Cod.:
927 2659 961 2684 ut
983 2657 1116 2684 subeam.
1208 2654 1246 2690 13,
1275 2664 1317 2689 14.
1346 2655 1440 2682 Cod.=
1468 2657 1502 2682 ut
1523 2655 1559 2681 si.

244 2692 286 2720 18.
313 2693 407 2720 Cod.:
435 2692 656 2720 inobedienter.
730 2692 776 2718 26.
807 2691 900 2718 Cod.:
928 2692 1032 2718 scient.
1106 2698 1150 2725 27.
1179 2691 1247 2717 ideo
1277 2689 1441 2717 conclusio.
1463 2689 1559 2717 Cod.:

243 2726 313 2754 Joh.
334 2727 365 2762 q⁰
377 2727 468 2754 huius
486 2727 588 2754 sancti
605 2726 671 2754 VIII
686 2725 832 2762 capitulo.

313 2819 345 2851 9.
372 2809 451 2840 Non
478 2819 551 2850 cap.
577 2809 606 2839 X
632 2809 693 2840 sed
719 2808 793 2840 XV.
820 2809 910 2851 Opp.
939 2809 1008 2849 (ed.
1034 2808 1137 2839 Basil.
1164 2806 1276 2849 1640),
1309 2816 1385 2848 pag.
1411 2806 1488 2848 933.
