2050 3292
234 215 322 242 CAP.
342 205 460 259 XXV]
702 215 836 246 [ABER
861 214 1069 246 TERTIUS.
1741 206 1820 254 583

233 322 351 371 primi
386 322 558 358 hominis
592 320 798 369 quotlibet,
843 333 931 356 cum
974 321 1092 356 habet
1125 319 1434 366 disposicionem
1468 331 1536 354 na-

233 380 416 425 turalem,
476 380 693 415 secundum
748 390 866 425 quam
928 378 1071 413 salvari
1122 376 1267 424 poterit
1318 377 1535 412 secundum

233 437 454 473 libertatem
502 436 656 472 arbitrii
701 448 802 470 unus
847 434 1001 470 facilius
1035 443 1071 470 et
1104 435 1203 470 alius
1237 434 1452 470 difficilius.

291 494 463 531 Ulterius
509 492 765 529 concedendo
810 493 917 539 quod
962 492 1053 527 licet
1093 492 1225 539 proles
1258 500 1347 539 post
1379 492 1533 539 lapsum

201 556 366 599 §posset
398 550 621 587 necessario
656 563 735 586 non
770 561 949 598 peccare,
982 558 1117 585 tamen
1149 548 1410 585 necessitatur
1443 561 1536 584 con-

233 609 428 656 tingenter
451 610 499 644 ad
522 609 786 655 peccandum,
821 619 909 642 cum
933 608 1010 643 iam
1045 606 1093 642 sit
1127 605 1386 654 indisposicio
1410 607 1538 653 posita

233 679 322 702 cum
355 678 434 714 qua
466 678 547 701 non
580 674 655 701 stat
690 664 785 712 quin
819 677 1032 700 nascamur
1069 663 1139 699 filii
1177 663 1244 700 ire.
1298 665 1375 700 Sed
1408 663 1536 711 dispo-

232 723 330 760 sicio
363 723 440 759 alia
474 731 604 770 posset
638 722 777 769 inesse3
810 723 898 758 ideo
928 730 970 757 ut
991 729 1186 757 noverunt
1209 722 1323 768 loyci,
1357 722 1537 768 quamvis

234 793 343 816 omne
372 781 475 829 quod
506 781 627 816 evenit
657 779 872 815 necessario
905 779 1059 825 eveniet,
1110 791 1229 814 omne
1267 786 1403 814 tamen
1435 778 1539 826 quod

180 854 218 875 10
234 837 385 874 eveniet
429 837 703 885 contingenter
748 837 911 882 eveniet⁷
959 836 1052 884 quia
1097 844 1229 883 posset
1261 849 1341 872 non
1374 836 1470 882 fore,
1504 843 1540 871 et

232 897 286 931 sic
308 896 400 931 licet
423 897 527 931 Deus
550 903 680 942 posset
703 895 825 930 eciam
852 902 939 941 post
971 895 1127 941 lapsum
1161 895 1351 930 reducere
1384 893 1536 941 prolem

233 954 282 989 ad
305 961 666 1000 temperamentum
691 951 730 987 in
758 959 899 987 natura
932 960 968 987 et
1003 951 1194 996 moribus,
1228 951 1330 986 sicut
1361 950 1401 986 in
1433 958 1538 987 statu

114 1016 193 1050 236⁰
231 1010 476 1055 innocencie,
528 1010 603 1046 hoc
653 1018 787 1045 tamen
832 1008 932 1045 foret
975 1021 1094 1056 supra
1140 1017 1327 1044 naturam
1356 1004 1359 1060 Ι
1390 1009 1538 1055 grande

234 1068 482 1113 miraculum,
528 1067 583 1103 sic
621 1068 728 1115 quod
761 1066 945 1103 disci-asia
977 1074 1188 1114 parentum
1222 1065 1262 1101 in
1294 1074 1436 1102 natura
1467 1077 1539 1101 nec

179 1125 271 1164 15in
306 1125 483 1161 moribus
516 1125 697 1161 absolute
730 1124 938 1160 necessitat
972 1124 1096 1159 filium
1131 1124 1180 1159 ad
1204 1124 1465 1171 peccandum,
1498 1131 1539 1158 ut

231 1190 339 1231 patet
367 1183 508 1218 Ezech.
532 1184 698 1221 XXXIII,
742 1183 919 1229 Utraque
951 1190 1086 1217 tamen
1118 1189 1328 1228 parentum
1362 1180 1539 1228 indispo-

232 1240 329 1277 sicio
362 1252 454 1287 sepe
486 1249 622 1287 gravat
646 1248 852 1287 peccatum
888 1239 1082 1286 originale
1115 1239 1155 1274 in
1188 1238 1269 1274 filio
1294 1247 1329 1274 et
1352 1238 1540 1274 continue

233 1306 288 1334 est
317 1310 362 1333 ac
392 1297 506 1333 nobis
536 1297 800 1344 incongruum
834 1309 910 1344 que
942 1296 1199 1343 indisposicio
1234 1295 1358 1343 magis
1391 1305 1539 1343 gravat.

288 1357 349 1391 Ad
381 1354 547 1391 tercium
582 1354 727 1391 dicitur
759 1355 866 1402 quod
898 1367 971 1401 pro
1004 1354 1135 1401 primo
1164 1353 1331 1389 instanti
1355 1354 1540 1401 producti
1596 1357 1653 1385 We
1673 1363 1786 1397 qannot

174 1425 275 1451 20ex
326 1414 489 1449 traduce
533 1421 589 1448 est
634 1421 842 1460 peccatum
889 1411 1084 1459 originale
1130 1411 1262 1447 minus
1307 1412 1365 1447 vel
1411 1410 1538 1447 maius
1578 1392 1807 1467 pggsffljtljgoeof

231 1471 448 1506 secundum
496 1469 847 1517 indisposicionem
895 1469 1202 1517 quintuplicem3
1257 1476 1293 1504 et
1339 1468 1435 1504 illud
1482 1462 1669 1523 estadgffi1
1695 1462 1826 1524 eggseting

231 1536 441 1575 peccatum
469 1527 713 1564 levissimum
738 1527 778 1562 in
807 1526 874 1562 illo
898 1526 1119 1574 supposito,
1155 1527 1215 1562 cui
1239 1526 1393 1562 videtur
1419 1525 1539 1562 michi
1630 1505 1755 1559 insyant.

232 1585 419 1621 continue
453 1585 667 1633 superaddi
700 1584 776 1621 alia
810 1593 973 1632 peccata
1006 1584 1244 1632 personalia,
1285 1582 1378 1619 dum
1419 1584 1539 1619 homo

232 1642 366 1679 deficit
399 1643 589 1678 continue
623 1655 643 1678 a
678 1643 785 1678 cultu
818 1654 937 1690 quem
971 1642 1008 1677 in
1043 1649 1146 1678 statu
1190 1640 1422 1677 innocencie
1455 1643 1538 1677 Deo

174 1700 495 1747 25irnpenderet3
542 1702 704 1748 quando
748 1708 879 1736 autem
924 1699 1030 1736 elicit
1075 1708 1208 1735 actum
1242 1699 1301 1735 vel
1339 1711 1438 1746 opus
1483 1698 1540 1734 in-

231 1758 471 1803 ordinatum,
517 1766 610 1794 tunc
643 1765 782 1805 peccat
814 1757 1041 1800 actualiter;
1087 1758 1175 1792 ideo
1209 1769 1290 1792 non
1329 1755 1535 1792 admittam

231 1828 366 1851 casum
401 1815 463 1851 hic
486 1816 661 1862 positum
685 1815 759 1850 nisi
782 1816 975 1863 probatur
999 1814 1132 1860 michi,
1167 1814 1260 1862 quia
1285 1826 1373 1850 cum
1404 1813 1538 1849 anima

229 1882 359 1920 potest
411 1874 483 1909 sub
536 1872 752 1909 remissiori
806 1874 932 1920 gradu
976 1884 1230 1919 perseverare
1273 1873 1312 1907 in
1359 1871 1538 1907 subiecto

230 1943 351 1978 quam
397 1930 551 1966 noviter
595 1930 787 1980 copulari,
840 1929 1001 1966 difficile
1050 1929 1205 1965 videtur
1256 1930 1364 1977 quod
1416 1930 1537 1964 homo

173 1996 214 2027 30
230 1988 358 2023 solum
394 1988 469 2024 hoc
502 1989 616 2024 duret
649 2000 718 2036 per
750 1987 914 2026 instans

289 2047 365 2081 Sed
398 2046 472 2081 hoc
506 2047 599 2081 dato
633 2046 722 2082 dico
756 2047 864 2093 quod
896 2053 1061 2092 uterque
1094 2044 1304 2092 puniretur
1331 2045 1369 2079 in
1393 2056 1538 2091 genere
1583 2048 1797 2086 Howftnfants

230 2096 301 2138 suo
337 2103 542 2139 mitissime
576 2112 612 2139 et
652 2116 741 2139 cum
777 2104 851 2139 hoc
881 2116 981 2138 unus
1005 2102 1043 2138 in
1069 2115 1162 2138 casu
1184 2101 1337 2150 reliquo
1362 2101 1537 2148 gravius3
1606 2083 1771 2152 pffijnshffi,

230 2160 316 2196 aliis
365 2169 497 2196 autem
544 2160 722 2208 prescitis
767 2162 1081 2208 superaddentes
1125 2172 1227 2195 nova
1272 2167 1435 2207 peccata
1479 2159 1538 2194 in-

230 2225 436 2254 stantanea
469 2226 627 2265 oportet
658 2218 927 2266 superaddere
960 2230 1083 2265 penas
1117 2230 1267 2263 senSUS‚
1301 2229 1419 2253 nemo
1453 2217 1536 2264 qui-

173 2281 213 2315 35
230 2277 318 2311 dem
365 2276 649 2322 dampnabitur
692 2276 767 2312 nisi
813 2289 885 2323 pro
929 2284 1095 2323 peccato
1135 2274 1300 2323 proprio
1334 2275 1440 2322 quod
1475 2274 1537 2310 hic

229 2333 337 2377 fecit;
382 2345 455 2369 nec
499 2333 676 2381 sequitur
722 2346 791 2381 per
838 2334 971 2369 locum
1017 2345 1039 2369 a
1083 2332 1204 2368 simili
1249 2333 1355 2380 quod
1401 2332 1825 2375 omniaTheywillgrieve

191 2427 194 2429 ,
230 2389 441 2438 originalia
473 2390 603 2426 forent
636 2404 735 2439 eque
768 2391 916 2438 gravia.
951 2391 1124 2427 Infantes
1148 2389 1266 2437 igitur
1289 2389 1356 2437 qui
1379 2389 1536 2437 gravius
1560 2372 1609 2398 for
1628 2372 1762 2433 tlffiislpss
1783 2372 1817 2399 of

230 2456 446 2495 peccarunt
499 2448 745 2496 originaliter
792 2448 949 2495 gravius
997 2447 1226 2496 punientur,
1280 2460 1361 2483 non
1406 2447 1536 2483 solum

110 2510 191 2544 236ἃ
231 2505 324 2553 quia
358 2514 550 2553 perpet-uo
584 2506 707 2542 deerit
736 2502 739 2557 Ι
770 2506 823 2542 eis
858 2506 985 2542 maior
1018 2505 1221 2552 originalis
1254 2504 1423 2550 iusticia,
1470 2506 1538 2540 sed

231 2563 322 2611 quia
366 2572 558 2610 perpetuo
604 2564 805 2599 habebunt
850 2576 987 2599 sensus
1030 2563 1184 2599 vivaces
1230 2562 1295 2610 qui
1345 2562 1538 2598 dolebunt

231 2628 424 2668 perpetuo
477 2622 523 2656 de
577 2633 647 2657 suo
707 2622 904 2668 dampno3
968 2633 1039 2656 nec
1099 2620 1213 2656 aliter
1264 2619 1377 2656 video
1430 2620 1537 2667 quod

232 2677 473 2725 dampnacio
497 2679 599 2715 foret
622 2678 698 2715 illis
723 2678 890 2726 penalis,
915 2678 1041 2714 eciam
1065 2690 1146 2714 non
1169 2686 1326 2714 tanturn
1343 2684 1534 2725 quantum

302 2809 374 2839 1—3.
394 2811 452 2838 Hic
472 2812 558 2839 Iocus
578 2815 741 2846 corruptus
761 2820 826 2838 esse
846 2811 976 2839 videtur.
1048 2811 1093 2839 26.
1117 2810 1211 2838 Cod.:
1232 2810 1445 2837 admittantur.
