2050 3292
219 240 299 278 554

220 970 286 997 Our
305 971 481 1007 judgments

220 1005 253 1031 of
270 1013 339 1034 men
359 1015 410 1034 are
429 1007 481 1034 full

231 1041 265 1068 of
280 1049 377 1077 error,
399 1042 468 1069 God

215 1077 287 1112 only
307 1085 361 1104 can
383 1076 475 1113 judge

298 1112 390 1148 truly.

930 238 989 269 DE
1016 238 1152 269 C1V1L1
1178 237 1389 269 DOMINIO.
1573 224 1683 279 [CAP.
1705 234 1815 262 XXIV.

505 344 667 391 dignum
703 344 752 379 ad
785 343 1002 379 maximum
1037 352 1094 379 est
1127 343 1289 391 aliquod
1328 352 1537 391 peccatum
1573 342 1707 390 puniri
1739 342 1815 379 nisi

505 410 683 438 recurrat
732 402 781 436 ad
824 400 1128 437 ordinacionem
1175 401 1362 448 divinam,
1408 400 1500 449 quia
1546 399 1814 436 adnichilacio

505 471 585 494 non
618 466 748 506 potest
781 470 864 495 esse
896 458 1048 506 penalis
1082 467 1118 494 et
1147 458 1278 494 omnis
1303 458 1527 495 misericors
1550 457 1713 505 punicio
1737 470 1816 506 qua

504 524 662 564 oportet
696 518 822 551 Deum
856 515 997 563 punire
1019 517 1079 552 vel
1113 517 1337 564 extinguere
1370 515 1520 552 scilicet
1543 524 1725 551 sanctum
1760 524 1817 552 est

504 573 603 610 citra
636 573 877 620 condignum
923 582 965 609 ut
997 573 1064 612 sic.
1098 575 1206 610 quta
1239 574 1341 609 hanc
1374 573 1477 609 viam
1516 581 1725 621 peccatum
1760 579 1848 611 est5

504 630 665 678 dignum
718 631 806 677 plus
859 630 991 678 puniri
1045 644 1164 679 quam
1218 631 1348 667 omnis
1393 630 1470 667 alia
1519 642 1622 678 pena
1666 643 1688 666 a
1731 633 1814 666 Deo

502 687 706 724 noscibilis
740 695 775 723 et
807 688 1003 735 quotlibet
1036 701 1135 736 eque
1169 687 1353 735 dignum3
1393 700 1465 724 nec
1499 690 1603 724 Deus
1635 696 1817 724 nosceret

502 745 656 793 peccati
689 745 943 793 gravedinem
979 745 1212 793 maximam3
1258 745 1361 782 idem
1408 745 1528 793 igitur
1560 754 1617 781 est
1650 745 1813 793 dignum

503 815 585 839 esse
618 811 826 851 peccatum
861 802 916 840 sic
949 803 1096 851 puniri,
1132 812 1169 840 et
1201 812 1410 851 peccatum
1446 815 1529 840 esse
1563 802 1725 851 dignum
1760 803 1815 839 sic

502 860 646 908 puniri,
687 860 788 897 sicut
821 870 930 908 patet
968 861 1162 898 scrutanti
1196 860 1283 898 illas
1317 860 1527 908 dignitates
1567 869 1604 897 et
1636 860 1873 898 subiectam

501 930 577 966 que
610 917 832 958 dominant.

559 978 613 1012 Ex
645 975 790 1012 talibus
824 976 1039 1013 evidenciis
1072 975 1170 1013 alias
1202 988 1294 1024 sepe
1327 976 1417 1020 dixi,
1459 989 1548 1013 cum
1582 988 1701 1012 nemo
1735 973 1812 1029 sit(
1853 984 1881 1014 R

502 1034 644 1081 dignus
690 1033 765 1069 nisi
815 1042 856 1070 ut
901 1036 1007 1070 Deus
1059 1034 1195 1070 omnia
1240 1034 1375 1071 videns
1427 1034 1557 1082 ipsum
1611 1033 1814 1081 dignificat
1859 1042 1940 1072 225³³

501 1091 732 1137 iudicando,
778 1093 846 1128 sed
891 1105 971 1128 non
1005 1091 1211 1140 dignificat
1243 1092 1458 1129 iudicando
1501 1091 1715 1140 prescitum
1764 1093 1811 1128 ad

499 1149 668 1197 gloriam
733 1162 806 1186 nec
871 1150 1186 1197 predestinatum
1251 1151 1301 1186 ad
1353 1162 1498 1198 penam
1564 1158 1812 1198 perpetuam,
1834 1155 1869 1187 15

499 1206 590 1243 ideo
633 1207 765 1243 nullus
798 1207 936 1244 talium
973 1216 1030 1244 est
1069 1207 1211 1255 dignus
1249 1208 1318 1244 tali
1352 1208 1553 1254 mercede3
1600 1208 1665 1244 sed
1705 1209 1814 1256 quod

498 1277 571 1301 nos
604 1272 837 1313 reputamus
870 1266 968 1302 tales
1000 1265 1055 1302 sic
1088 1265 1227 1313 dignos
1260 1278 1356 1317 esse,
1397 1264 1492 1313 quia
1524 1278 1605 1301 non
1635 1265 1814 1302 videmus

497 1335 603 1359 nunc
649 1323 767 1359 finem
815 1322 958 1370 meriti,
1011 1323 1101 1359 ideo
1150 1323 1319 1359 dicimus
1372 1322 1653 1371 predestinatis
1705 1325 1814 1372 quod

498 1382 825 1428 dampnabuntur
863 1380 939 1417 nisi
980 1375 1217 1429 resipiscant
1255 1390 1291 1417 et
1331 1380 1512 1429 prescitis
1546 1382 1655 1429 quod
1688 1381 1814 1418 salva-

498 1440 647 1474 buntur
697 1437 773 1474 nisi
827 1438 1065 1475 continuant
1117 1447 1154 1475 et
1205 1438 1261 1475 sic
1305 1438 1528 1475 iudicamus
1575 1438 1871 1487 dignitatem2o

497 1496 698 1533 contrarie
722 1495 855 1532 divino
879 1496 1029 1532 iudicio
1049 1509 1091 1532 ex
1114 1496 1350 1544 ignorancia
1372 1505 1415 1533 ut
1437 1504 1617 1544 tempore
1640 1497 1813 1544 populus

498 1553 624 1590 David
676 1553 868 1590 iudicavit
919 1562 1009 1602 post
1060 1554 1317 1600 adulterium,
1377 1556 1485 1603 quod
1545 1554 1618 1590 fuit
1670 1554 1812 1602 dignus

497 1611 599 1648 mori
633 1612 898 1659 corporaliter
941 1612 1025 1648 sine
1058 1612 1365 1660 regeneracione
1410 1613 1469 1649 vel
1502 1612 1649 1649 Christi
1688 1612 1811 1660 gigni-

497 1669 623 1715 cione‚
663 1671 769 1706 Deus
814 1679 948 1706 autem
996 1670 1110 1717 plene
1153 1670 1282 1706 sciens
1328 1670 1412 1706 eius
1456 1669 1728 1717 ydoneitatem
1775 1679 1812 1706 et

495 1727 883 1775 predestinacionem
937 1727 1141 1764 adiudicat
1193 1740 1283 1764 eum
1335 1740 1416 1764 non
1467 1727 1522 1764 sic
1567 1728 1699 1776 puniri
1743 1729 1867 1764 sed25

496 1785 661 1833 dignum
706 1785 971 1831 beatitudine;
1016 1785 1107 1822 ideo
1150 1794 1304 1822 tantum
1351 1785 1482 1822 dilexit
1514 1798 1620 1832 eum,
1666 1794 1707 1822 ut
1739 1799 1811 1821 un-

495 1856 629 1891 quam,
664 1855 710 1880 eo
743 1844 852 1891 quod
885 1845 988 1880 Deus
1020 1856 1102 1880 non
1135 1852 1265 1892 potest
1305 1856 1395 1879 eum
1428 1843 1601 1880 vicissim
1642 1844 1809 1880 eundem

495 1900 698 1937 hominem
748 1901 872 1948 magis
923 1900 1099 1948 diligere,
1153 1910 1195 1937 ut
1247 1901 1421 1938 ostendit
1474 1901 1810 1938 Bradiwardensis

496 1958 723 1995 Correlario
758 1969 807 2008 23
843 1958 1008 2006 capituli
1041 1959 1161 2007 primi
1194 1959 1300 2004 libri;
1347 1967 1383 1995 et
1425 1959 1500 1996 ista
1533 1959 1689 1996 videtur
1722 1972 1808 1996 sen-

494 2016 625 2053 tencia
657 2016 870 2064 Augustini
903 2018 934 2051 V
967 2019 1024 2053 De
1056 2017 1252 2054 Trinitate
1285 2017 1325 2053 in
1359 2017 1447 2053 fine.
1481 2017 1523 2053 Si
1556 2017 1677 2065 igitur
1705 2019 1810 2054 Deus
1826 2022 1866 2054 30

494 2083 649 2111 tautum
696 2082 804 2111 amat
848 2076 951 2111 hunc
995 2075 1200 2111 hominem
1247 2084 1285 2112 et
1316 2074 1468 2111 iudicat
1505 2087 1596 2111 eum
1629 2075 1807 2127 dignum,

494 2132 578 2180 ipse
623 2140 679 2168 est
723 2132 779 2168 sic
823 2132 963 2180 dignus
1008 2146 1081 2180 pro
1126 2133 1236 2169 omni
1281 2146 1469 2170 mensura
1513 2146 1586 2181 pro
1632 2146 1710 2181 quo
1751 2142 1808 2170 est

495 2189 636 2226 similis
671 2203 758 2227 cum
796 2191 867 2226 Dei
901 2190 1050 2227 iudicio
1085 2199 1123 2227 et
1155 2203 1306 2227 amore.
1340 2190 1381 2227 Si
1415 2191 1518 2227 enim
1552 2191 1737 2227 voluntas
1770 2200 1807 2227 et

494 2247 687 2284 iudicium
722 2248 874 2284 domini
908 2261 1011 2296 pape
1044 2258 1213 2296 possunt
1252 2248 1487 2297 dignificare
1521 2249 1724 2285 hominem
1758 2250 1807 2285 ad

495 2305 747 2351 beneficium,
794 2306 920 2342 multo
955 2306 1077 2354 magis
1110 2306 1299 2343 iudicium
1340 2315 1377 2342 et
1409 2306 1640 2354 acceptacio
1674 2306 1808 2344 divina
1824 2310 1863 2343 35

494 2364 600 2400 iuxta
637 2363 735 2399 illud
774 2364 902 2411 Apok.
937 2365 999 2410 ΙΙΙ,
1040 2376 1083 2412 4:
1133 2365 1391 2400 Ambulabunt
1424 2377 1584 2409 mecum,
1629 2365 1807 2412 quoniam

495 2422 606 2472 digni
633 2429 732 2459 sunt.
763 2418 766 2473 Ι
796 2423 844 2457 Et
877 2421 1036 2470 Sapien.
1069 2423 1131 2467 ΙΙΙ,
1166 2432 1188 2470 5
1222 2421 1330 2459 Deus
1362 2423 1562 2471 temptavit
1593 2434 1656 2458 eos
1688 2430 1723 2458 et
1754 2422 1808 2457 in-
1846 2426 1909 2457 225

494 2479 593 2515 venit
636 2480 724 2516 illos
768 2480 908 2530 dignos
949 2492 999 2516 se.
1057 2481 1289 2516 Peccatores
1334 2479 1454 2528 igitur
1498 2488 1590 2516 sunt
1622 2479 1730 2527 digni
1764 2492 1807 2516 ex

1916 2423 1928 2441 b

563 2676 609 2710 26,
623 2684 667 2710 27.
689 2679 722 2703 zct
741 2684 896 2711 nunquam
915 2684 951 2703 eo
967 2696 973 2703 .
990 2697 995 2703 .
1014 2698 1018 2702 .
1041 2677 1099 2703 Hic
1114 2678 1229 2712 aliquot
1242 2677 1334 2704 verba
1349 2676 1537 2704 exciderunt.
1559 2677 1692 2704 Sensum
1714 2676 1805 2704 huius

493 2710 551 2737 loci
572 2711 602 2737 in
623 2711 702 2738 libro
718 2711 762 2738 De
776 2711 912 2738 Ecclesia
933 2719 1001 2746 pag.
1017 2719 1053 2746 79
1071 2712 1174 2738 habes.
1248 2720 1295 2745 29.
1318 2711 1412 2739 Coei:
1434 2711 1668 2745 capitulz'deest.
1689 2711 1806 2738 Addidi

494 2753 508 2771 c
529 2749 611 2772 textu
633 2745 677 2772 Dc
697 2745 833 2773 Ecclesia
853 2754 923 2781 pag.
944 2753 992 2780 79.

563 2826 616 2860 28.
644 2829 707 2859 See
734 2828 784 2860 De
809 2828 964 2860 Ecclesia
990 2838 1065 2870 pag.
1093 2836 1147 2871 79.
