<?xml version="1.0" encoding="UTF-8"?>
<!DOCTYPE html PUBLIC "-//W3C//DTD XHTML 1.0 Transitional//EN"
    "http://www.w3.org/TR/xhtml1/DTD/xhtml1-transitional.dtd">
<html xmlns="http://www.w3.org/1999/xhtml" xml:lang="en" lang="en">
 <head>
  <title>
</title>
<meta http-equiv="Content-Type" content="text/html;charset=utf-8" />
  <meta name='ocr-system' content='tesseract 3.04.00' />
  <meta name='ocr-capabilities' content='ocr_page ocr_carea ocr_par ocr_line ocrx_word'/>
</head>
<body>
  <div class='ocr_page' id='page_1' title='image "./decivilidominio04wycl_0063.png"; bbox 0 0 2050 3292; ppageno 0'>
   <div class='ocr_carea' id='block_1_1' title="bbox 203 214 1797 269">
    <p class='ocr_par' dir='ltr' id='par_1_1' title="bbox 203 214 1797 269">
     <span class='ocr_line' id='line_1_1' title="bbox 203 214 1797 269; baseline 0.013 -21"><span class='ocrx_word' id='word_1_1' title='bbox 203 221 290 249; x_wconf 82' lang='lat' dir='ltr'><strong>CAP.</strong></span> <span class='ocrx_word' id='word_1_2' title='bbox 315 214 399 266; x_wconf 76' lang='lat' dir='ltr'>xx]</span> <span class='ocrx_word' id='word_1_3' title='bbox 666 225 799 256; x_wconf 73' lang='lat' dir='ltr'>LIBER</span> <span class='ocrx_word' id='word_1_4' title='bbox 825 225 1034 257; x_wconf 81' lang='lat' dir='ltr'>TERTIUS.</span> <span class='ocrx_word' id='word_1_5' title='bbox 1718 232 1797 269; x_wconf 80' lang='lat'>413</span> 
     </span>
    </p>
   </div>
   <div class='ocr_carea' id='block_1_2' title="bbox 78 331 1791 2518">
    <p class='ocr_par' dir='ltr' id='par_1_2' title="bbox 196 331 1511 494">
     <span class='ocr_line' id='line_1_2' title="bbox 196 331 1509 381; baseline 0.002 -15"><span class='ocrx_word' id='word_1_6' title='bbox 196 331 428 379; x_wconf 73' lang='lat' dir='ltr'>pastoralis;</span> <span class='ocrx_word' id='word_1_7' title='bbox 463 344 546 367; x_wconf 81' lang='lat' dir='ltr'>cum</span> <span class='ocrx_word' id='word_1_8' title='bbox 583 344 673 367; x_wconf 77' lang='lat' dir='ltr'>vero</span> <span class='ocrx_word' id='word_1_9' title='bbox 709 332 902 381; x_wconf 72' lang='lat' dir='ltr'><em>religiosis</em></span> <span class='ocrx_word' id='word_1_10' title='bbox 929 332 970 374; x_wconf 80' lang='lat' dir='ltr'>fit</span> <span class='ocrx_word' id='word_1_11' title='bbox 1003 332 1251 368; x_wconf 75' lang='lat' dir='ltr'>ecclesiarum</span> <span class='ocrx_word' id='word_1_12' title='bbox 1278 334 1509 381; x_wconf 77' lang='lat' dir='ltr'>parrochia-</span> 
     </span>
     <span class='ocr_line' id='line_1_3' title="bbox 202 389 1511 439; baseline 0.002 -16"><span class='ocrx_word' id='word_1_13' title='bbox 202 389 292 424; x_wconf 85' lang='lat' dir='ltr'>lium</span> <span class='ocrx_word' id='word_1_14' title='bbox 331 389 618 437; x_wconf 78' lang='lat' dir='ltr'>appropriacio,</span> <span class='ocrx_word' id='word_1_15' title='bbox 656 396 922 436; x_wconf 76' lang='lat' dir='ltr'>pretactorum</span> <span class='ocrx_word' id='word_1_16' title='bbox 956 390 1147 425; x_wconf 78' lang='lat' dir='ltr'>malorum</span> <span class='ocrx_word' id='word_1_17' title='bbox 1179 389 1306 439; x_wconf 76' lang='lat' dir='ltr'>firma</span> <span class='ocrx_word' id='word_1_18' title='bbox 1339 398 1393 426; x_wconf 76' lang='lat' dir='ltr'>est</span> <span class='ocrx_word' id='word_1_19' title='bbox 1421 403 1511 439; x_wconf 67' lang='lat' dir='ltr'>pet·-</span> 
     </span>
     <span class='ocr_line' id='line_1_4' title="bbox 197 446 1511 494; baseline 0.001 -13"><span class='ocrx_word' id='word_1_20' title='bbox 197 446 384 494; x_wconf 83' lang='lat' dir='ltr'>petuacio.</span> <span class='ocrx_word' id='word_1_21' title='bbox 440 448 486 482; x_wconf 85' lang='lat' dir='ltr'>Et</span> <span class='ocrx_word' id='word_1_22' title='bbox 525 459 614 482; x_wconf 88' lang='lat' dir='ltr'>cum</span> <span class='ocrx_word' id='word_1_23' title='bbox 650 446 827 483; x_wconf 86' lang='lat' dir='ltr'>dominia</span> <span class='ocrx_word' id='word_1_24' title='bbox 866 447 1062 483; x_wconf 87' lang='lat' dir='ltr'>secularia</span> <span class='ocrx_word' id='word_1_25' title='bbox 1095 447 1333 484; x_wconf 84' lang='lat' dir='ltr'>mortificata</span> <span class='ocrx_word' id='word_1_26' title='bbox 1368 449 1511 484; x_wconf 88' lang='lat' dir='ltr'>debent</span> 
     </span>
    </p>

    <p class='ocr_par' dir='ltr' id='par_1_3' title="bbox 81 500 1508 656">
     <span class='ocr_line' id='line_1_5' title="bbox 81 500 1508 559; baseline 0.004 -24"><span class='ocrx_word' id='word_1_27' title='bbox 81 504 155 535; x_wconf 66' lang='lat'>166⁰</span> <span class='ocrx_word' id='word_1_28' title='bbox 201 515 284 539; x_wconf 88' lang='lat' dir='ltr'>esse</span> <span class='ocrx_word' id='word_1_29' title='bbox 318 505 422 540; x_wconf 90' lang='lat' dir='ltr'>bona</span> <span class='ocrx_word' id='word_1_30' title='bbox 439 503 669 540; x_wconf 80' lang='lat' dir='ltr'>communia</span> <span class='ocrx_word' id='word_1_31' title='bbox 694 504 935 552; x_wconf 79' lang='lat' dir='ltr'>pauperibus</span> <span class='ocrx_word' id='word_1_32' title='bbox 961 504 1137 550; x_wconf 81' lang='lat' dir='ltr'>ecclesie,</span> <span class='ocrx_word' id='word_1_33' title='bbox 1170 504 1202 541; x_wconf 90' lang='lat' dir='ltr'>si</span> <span class='ocrx_word' id='word_1_34' title='bbox 1227 505 1396 552; x_wconf 80' lang='lat' dir='ltr'>religiosi</span> <span class='ocrx_word' id='word_1_35' title='bbox 1420 508 1485 541; x_wconf 82' lang='lat' dir='ltr'>ab-</span> <span class='ocrx_word' id='word_1_36' title='bbox 1506 500 1508 559; x_wconf 60' lang='lat' dir='ltr'>l</span> 
     </span>
     <span class='ocr_line' id='line_1_6' title="bbox 169 561 1508 610; baseline 0.002 -14"><span class='ocrx_word' id='word_1_37' title='bbox 169 562 364 597; x_wconf 83' lang='lat' dir='ltr'>5utantur</span> <span class='ocrx_word' id='word_1_38' title='bbox 396 561 450 598; x_wconf 80' lang='lat' dir='ltr'>eis</span> <span class='ocrx_word' id='word_1_39' title='bbox 483 563 757 610; x_wconf 82' lang='lat' dir='ltr'>pretendendo</span> <span class='ocrx_word' id='word_1_40' title='bbox 791 562 845 597; x_wconf 89' lang='lat' dir='ltr'>eis</span> <span class='ocrx_word' id='word_1_41' title='bbox 879 561 1032 598; x_wconf 85' lang='lat' dir='ltr'>civilem</span> <span class='ocrx_word' id='word_1_42' title='bbox 1067 562 1369 610; x_wconf 76' lang='lat' dir='ltr'>proprietatem,</span> <span class='ocrx_word' id='word_1_43' title='bbox 1404 563 1508 599; x_wconf 88' lang='lat' dir='ltr'>idem</span> 
     </span>
     <span class='ocr_line' id='line_1_7' title="bbox 200 617 687 656; baseline 0.002 -2"><span class='ocrx_word' id='word_1_44' title='bbox 200 617 391 655; x_wconf 89' lang='lat' dir='ltr'>iudicium</span> <span class='ocrx_word' id='word_1_45' title='bbox 427 628 482 655; x_wconf 85' lang='lat' dir='ltr'>est</span> <span class='ocrx_word' id='word_1_46' title='bbox 516 621 562 656; x_wconf 83' lang='lat' dir='ltr'>de</span> <span class='ocrx_word' id='word_1_47' title='bbox 595 619 687 656; x_wconf 85' lang='lat' dir='ltr'>illis.</span> 
     </span>
    </p>

    <p class='ocr_par' dir='ltr' id='par_1_4' title="bbox 198 672 1791 840">
     <span class='ocr_line' id='line_1_8' title="bbox 256 672 1791 735; baseline 0.002 -23"><span class='ocrx_word' id='word_1_48' title='bbox 256 676 369 724; x_wconf 83' lang='lat' dir='ltr'>Item,</span> <span class='ocrx_word' id='word_1_49' title='bbox 410 686 491 713; x_wconf 90' lang='lat' dir='ltr'>esto</span> <span class='ocrx_word' id='word_1_50' title='bbox 526 678 632 725; x_wconf 85' lang='lat' dir='ltr'>quod</span> <span class='ocrx_word' id='word_1_51' title='bbox 664 679 696 713; x_wconf 99' lang='lat' dir='ltr'><strong>A</strong></span> <span class='ocrx_word' id='word_1_52' title='bbox 732 677 1016 713; x_wconf 82' lang='lat' dir='ltr'>monasterium</span> <span class='ocrx_word' id='word_1_53' title='bbox 1052 677 1329 724; x_wconf 75' lang='lat' dir='ltr'>religiosorum</span> <span class='ocrx_word' id='word_1_54' title='bbox 1365 672 1791 735; x_wconf 49' lang='lat' dir='ltr'>habeatillisaeli&#39;ssi&#39;ffff‘issssis</span> 
     </span>
     <span class='ocr_line' id='line_1_9' title="bbox 199 728 1738 783; baseline 0.001 -13"><span class='ocrx_word' id='word_1_55' title='bbox 199 734 398 782; x_wconf 83' lang='lat' dir='ltr'>quotlibet</span> <span class='ocrx_word' id='word_1_56' title='bbox 437 744 616 771; x_wconf 88' lang='lat' dir='ltr'>tenentes</span> <span class='ocrx_word' id='word_1_57' title='bbox 657 743 693 770; x_wconf 84' lang='lat' dir='ltr'>et</span> <span class='ocrx_word' id='word_1_58' title='bbox 732 747 865 771; x_wconf 87' lang='lat' dir='ltr'>servos</span> <span class='ocrx_word' id='word_1_59' title='bbox 898 734 937 770; x_wconf 89' lang='lat' dir='ltr'>in</span> <span class='ocrx_word' id='word_1_60' title='bbox 971 735 1137 771; x_wconf 85' lang='lat' dir='ltr'>caritate</span> <span class='ocrx_word' id='word_1_61' title='bbox 1171 744 1208 771; x_wconf 90' lang='lat' dir='ltr'>et</span> <span class='ocrx_word' id='word_1_62' title='bbox 1248 735 1382 783; x_wconf 78' lang='lat' dir='ltr'>inopia</span> <span class='ocrx_word' id='word_1_63' title='bbox 1417 749 1508 773; x_wconf 87' lang='lat' dir='ltr'>con·</span> <span class='ocrx_word' id='word_1_64' title='bbox 1566 728 1624 780; x_wconf 51' lang='lat' dir='ltr'>¹its</span> <span class='ocrx_word' id='word_1_65' title='bbox 1646 728 1738 769; x_wconf 56' lang='lat' dir='ltr'>1122st</span> 
     </span>
     <span class='ocr_line' id='line_1_10' title="bbox 198 777 1785 840; baseline 0.002 -13"><span class='ocrx_word' id='word_1_66' title='bbox 198 800 399 828; x_wconf 87' lang='lat' dir='ltr'>versantes</span> <span class='ocrx_word' id='word_1_67' title='bbox 445 801 481 828; x_wconf 88' lang='lat' dir='ltr'>et</span> <span class='ocrx_word' id='word_1_68' title='bbox 527 792 654 840; x_wconf 85' lang='lat' dir='ltr'>exigat</span> <span class='ocrx_word' id='word_1_69' title='bbox 699 794 746 828; x_wconf 91' lang='lat' dir='ltr'>ab</span> <span class='ocrx_word' id='word_1_70' title='bbox 793 792 847 828; x_wconf 92' lang='lat' dir='ltr'>eis</span> <span class='ocrx_word' id='word_1_71' title='bbox 893 794 1113 829; x_wconf 83' lang='lat' dir='ltr'>secundum</span> <span class='ocrx_word' id='word_1_72' title='bbox 1160 793 1265 840; x_wconf 83' lang='lat' dir='ltr'>leges</span> <span class='ocrx_word' id='word_1_73' title='bbox 1311 795 1508 830; x_wconf 88' lang='lat' dir='ltr'>humanas</span> <span class='ocrx_word' id='word_1_74' title='bbox 1542 777 1785 839; x_wconf 57' lang='lat' dir='ltr'>1·cxiiitS¹itO&gt;-¹¹iii1es</span> 
     </span>
    </p>

    <p class='ocr_par' dir='ltr' id='par_1_5' title="bbox 146 846 1773 1128">
     <span class='ocr_line' id='line_1_11' title="bbox 146 846 1762 914; baseline 0.002 -30"><span class='ocrx_word' id='word_1_75' title='bbox 146 849 376 885; x_wconf 74' lang='lat' dir='ltr'>101-edditus</span> <span class='ocrx_word' id='word_1_76' title='bbox 407 851 467 886; x_wconf 88' lang='lat' dir='ltr'>vel</span> <span class='ocrx_word' id='word_1_77' title='bbox 499 849 708 886; x_wconf 83' lang='lat' dir='ltr'>servicium</span> <span class='ocrx_word' id='word_1_78' title='bbox 744 850 916 886; x_wconf 87' lang='lat' dir='ltr'>dominis</span> <span class='ocrx_word' id='word_1_79' title='bbox 950 850 1237 898; x_wconf 80' lang='lat' dir='ltr'>temporalibus</span> <span class='ocrx_word' id='word_1_80' title='bbox 1272 860 1507 888; x_wconf 85' lang='lat' dir='ltr'>consuetum</span> <span class='ocrx_word' id='word_1_81' title='bbox 1546 846 1762 914; x_wconf 43' lang='lat' dir='ltr'>posu-fiissssinns</span> 
     </span>
     <span class='ocr_line' id='line_1_12' title="bbox 198 902 1773 956; baseline 0.002 -14"><span class='ocrx_word' id='word_1_82' title='bbox 198 919 286 942; x_wconf 88' lang='lat' dir='ltr'>cum</span> <span class='ocrx_word' id='word_1_83' title='bbox 333 908 408 944; x_wconf 93' lang='lat' dir='ltr'>hoc</span> <span class='ocrx_word' id='word_1_84' title='bbox 452 909 558 956; x_wconf 87' lang='lat' dir='ltr'>quod</span> <span class='ocrx_word' id='word_1_85' title='bbox 592 907 750 944; x_wconf 78' lang='lat' dir='ltr'>aliunde</span> <span class='ocrx_word' id='word_1_86' title='bbox 783 908 927 944; x_wconf 86' lang='lat' dir='ltr'>habeat</span> <span class='ocrx_word' id='word_1_87' title='bbox 959 921 1030 955; x_wconf 89' lang='lat' dir='ltr'>pro</span> <span class='ocrx_word' id='word_1_88' title='bbox 1070 920 1110 944; x_wconf 88' lang='lat' dir='ltr'>se</span> <span class='ocrx_word' id='word_1_89' title='bbox 1143 917 1179 944; x_wconf 84' lang='lat' dir='ltr'>et</span> <span class='ocrx_word' id='word_1_90' title='bbox 1212 908 1291 944; x_wconf 86' lang='lat' dir='ltr'>suis</span> <span class='ocrx_word' id='word_1_91' title='bbox 1325 909 1506 945; x_wconf 83' lang='lat' dir='ltr'>elemosi-</span> <span class='ocrx_word' id='word_1_92' title='bbox 1697 902 1702 907; x_wconf 32' lang='lat'>⁸</span> <span class='ocrx_word' id='word_1_93' title='bbox 1769 903 1773 907; x_wconf 52' lang='lat'>¹</span> 
     </span>
     <span class='ocr_line' id='line_1_13' title="bbox 196 964 1507 1014; baseline 0.002 -15"><span class='ocrx_word' id='word_1_94' title='bbox 196 964 317 1000; x_wconf 87' lang='lat' dir='ltr'>nariis</span> <span class='ocrx_word' id='word_1_95' title='bbox 364 965 520 1013; x_wconf 90' lang='lat' dir='ltr'>copiam</span> <span class='ocrx_word' id='word_1_96' title='bbox 567 965 867 1013; x_wconf 79' lang='lat' dir='ltr'>temporalium,</span> <span class='ocrx_word' id='word_1_97' title='bbox 914 974 1009 1002; x_wconf 86' lang='lat' dir='ltr'>tunc</span> <span class='ocrx_word' id='word_1_98' title='bbox 1043 968 1238 1013; x_wconf 88' lang='lat' dir='ltr'>probatur</span> <span class='ocrx_word' id='word_1_99' title='bbox 1272 967 1379 1014; x_wconf 86' lang='lat' dir='ltr'>quod</span> <span class='ocrx_word' id='word_1_100' title='bbox 1412 967 1507 1003; x_wconf 85' lang='lat' dir='ltr'>dicti</span> 
     </span>
     <span class='ocr_line' id='line_1_14' title="bbox 196 1023 1504 1071; baseline 0.002 -13"><span class='ocrx_word' id='word_1_101' title='bbox 196 1031 375 1059; x_wconf 87' lang='lat' dir='ltr'>tenentes</span> <span class='ocrx_word' id='word_1_102' title='bbox 420 1036 501 1059; x_wconf 91' lang='lat' dir='ltr'>non</span> <span class='ocrx_word' id='word_1_103' title='bbox 545 1023 774 1071; x_wconf 80' lang='lat' dir='ltr'>obligantur</span> <span class='ocrx_word' id='word_1_104' title='bbox 818 1032 911 1059; x_wconf 88' lang='lat' dir='ltr'>tunc</span> <span class='ocrx_word' id='word_1_105' title='bbox 950 1025 999 1059; x_wconf 86' lang='lat' dir='ltr'>ad</span> <span class='ocrx_word' id='word_1_106' title='bbox 1033 1023 1189 1060; x_wconf 82' lang='lat' dir='ltr'>firmam</span> <span class='ocrx_word' id='word_1_107' title='bbox 1226 1032 1262 1059; x_wconf 86' lang='lat' dir='ltr'>et</span> <span class='ocrx_word' id='word_1_108' title='bbox 1295 1024 1504 1061; x_wconf 82' lang='lat' dir='ltr'>servicium</span> 
     </span>
     <span class='ocr_line' id='line_1_15' title="bbox 196 1080 1504 1128; baseline 0.002 -12"><span class='ocrx_word' id='word_1_109' title='bbox 196 1080 251 1116; x_wconf 89' lang='lat' dir='ltr'>eis</span> <span class='ocrx_word' id='word_1_110' title='bbox 274 1081 522 1126; x_wconf 77' lang='lat' dir='ltr'>solvendum,</span> <span class='ocrx_word' id='word_1_111' title='bbox 548 1080 678 1128; x_wconf 90' lang='lat' dir='ltr'>primo</span> <span class='ocrx_word' id='word_1_112' title='bbox 703 1080 796 1128; x_wconf 85' lang='lat' dir='ltr'>quia</span> <span class='ocrx_word' id='word_1_113' title='bbox 819 1082 851 1116; x_wconf 90' lang='lat' dir='ltr'><strong>A</strong></span> <span class='ocrx_word' id='word_1_114' title='bbox 877 1081 1162 1117; x_wconf 87' lang='lat' dir='ltr'>monasterium</span> <span class='ocrx_word' id='word_1_115' title='bbox 1187 1090 1390 1118; x_wconf 83' lang='lat' dir='ltr'>teneretur</span> <span class='ocrx_word' id='word_1_116' title='bbox 1415 1095 1504 1118; x_wconf 85' lang='lat' dir='ltr'>cum</span> 
     </span>
    </p>

    <p class='ocr_par' dir='ltr' id='par_1_6' title="bbox 143 1137 1506 1302">
     <span class='ocr_line' id='line_1_16' title="bbox 143 1137 1506 1186; baseline 0.003 -15"><span class='ocrx_word' id='word_1_117' title='bbox 143 1137 357 1185; x_wconf 83' lang='lat' dir='ltr'>15paribus</span> <span class='ocrx_word' id='word_1_118' title='bbox 405 1138 460 1175; x_wconf 90' lang='lat' dir='ltr'>eis</span> <span class='ocrx_word' id='word_1_119' title='bbox 504 1138 804 1175; x_wconf 87' lang='lat' dir='ltr'>communicare</span> <span class='ocrx_word' id='word_1_120' title='bbox 848 1140 953 1175; x_wconf 85' lang='lat' dir='ltr'>bona</span> <span class='ocrx_word' id='word_1_121' title='bbox 997 1139 1174 1184; x_wconf 75' lang='lat' dir='ltr'>ecclesie,</span> <span class='ocrx_word' id='word_1_122' title='bbox 1221 1139 1339 1186; x_wconf 79' lang='lat' dir='ltr'>igitur</span> <span class='ocrx_word' id='word_1_123' title='bbox 1379 1141 1506 1176; x_wconf 85' lang='lat' dir='ltr'>multo</span> 
     </span>
     <span class='ocr_line' id='line_1_17' title="bbox 196 1196 1506 1246; baseline 0.002 -15"><span class='ocrx_word' id='word_1_124' title='bbox 196 1196 321 1243; x_wconf 83' lang='lat' dir='ltr'>magis</span> <span class='ocrx_word' id='word_1_125' title='bbox 338 1196 494 1233; x_wconf 84' lang='lat' dir='ltr'>firmam</span> <span class='ocrx_word' id='word_1_126' title='bbox 518 1196 733 1246; x_wconf 80' lang='lat' dir='ltr'>remittere,</span> <span class='ocrx_word' id='word_1_127' title='bbox 751 1208 840 1232; x_wconf 89' lang='lat' dir='ltr'>cum</span> <span class='ocrx_word' id='word_1_128' title='bbox 865 1197 939 1233; x_wconf 90' lang='lat' dir='ltr'>hoc</span> <span class='ocrx_word' id='word_1_129' title='bbox 954 1197 1055 1232; x_wconf 89' lang='lat' dir='ltr'>foret</span> <span class='ocrx_word' id='word_1_130' title='bbox 1078 1196 1199 1233; x_wconf 86' lang='lat' dir='ltr'>levius</span> <span class='ocrx_word' id='word_1_131' title='bbox 1216 1206 1252 1232; x_wconf 88' lang='lat' dir='ltr'>et</span> <span class='ocrx_word' id='word_1_132' title='bbox 1269 1197 1506 1233; x_wconf 83' lang='lat' dir='ltr'>Christianis</span> 
     </span>
     <span class='ocr_line' id='line_1_18' title="bbox 195 1253 531 1302; baseline 0.006 -14"><span class='ocrx_word' id='word_1_133' title='bbox 195 1253 328 1300; x_wconf 84' lang='lat' dir='ltr'>egenis</span> <span class='ocrx_word' id='word_1_134' title='bbox 361 1254 531 1302; x_wconf 84' lang='lat' dir='ltr'>gracius.</span> 
     </span>
    </p>

    <p class='ocr_par' dir='ltr' id='par_1_7' title="bbox 194 1311 1505 1417">
     <span class='ocr_line' id='line_1_19' title="bbox 252 1311 1505 1360; baseline 0.001 -13"><span class='ocrx_word' id='word_1_135' title='bbox 252 1312 512 1359; x_wconf 85' lang='lat' dir='ltr'>Assumptum</span> <span class='ocrx_word' id='word_1_136' title='bbox 538 1320 645 1360; x_wconf 86' lang='lat' dir='ltr'>patet</span> <span class='ocrx_word' id='word_1_137' title='bbox 670 1324 715 1348; x_wconf 90' lang='lat' dir='ltr'>eo</span> <span class='ocrx_word' id='word_1_138' title='bbox 738 1313 845 1360; x_wconf 87' lang='lat' dir='ltr'>quod</span> <span class='ocrx_word' id='word_1_139' title='bbox 869 1311 1006 1348; x_wconf 88' lang='lat' dir='ltr'>omnia</span> <span class='ocrx_word' id='word_1_140' title='bbox 1031 1313 1135 1348; x_wconf 91' lang='lat' dir='ltr'>bona</span> <span class='ocrx_word' id='word_1_141' title='bbox 1168 1324 1389 1359; x_wconf 85' lang='lat' dir='ltr'>pauperum</span> <span class='ocrx_word' id='word_1_142' title='bbox 1426 1313 1505 1349; x_wconf 81' lang='lat' dir='ltr'>sive</span> 
     </span>
     <span class='ocr_line' id='line_1_20' title="bbox 194 1368 1504 1417; baseline 0.002 -13"><span class='ocrx_word' id='word_1_143' title='bbox 194 1368 271 1404; x_wconf 90' lang='lat' dir='ltr'>sint</span> <span class='ocrx_word' id='word_1_144' title='bbox 311 1370 443 1406; x_wconf 86' lang='lat' dir='ltr'>clerici</span> <span class='ocrx_word' id='word_1_145' title='bbox 484 1370 563 1406; x_wconf 88' lang='lat' dir='ltr'>sive</span> <span class='ocrx_word' id='word_1_146' title='bbox 602 1370 703 1417; x_wconf 87' lang='lat' dir='ltr'>layci</span> <span class='ocrx_word' id='word_1_147' title='bbox 743 1369 1079 1406; x_wconf 85' lang='lat' dir='ltr'>communicanda</span> <span class='ocrx_word' id='word_1_148' title='bbox 1118 1382 1191 1417; x_wconf 88' lang='lat' dir='ltr'>pro</span> <span class='ocrx_word' id='word_1_149' title='bbox 1224 1379 1406 1417; x_wconf 83' lang='lat' dir='ltr'>tempore</span> <span class='ocrx_word' id='word_1_150' title='bbox 1439 1383 1504 1407; x_wconf 87' lang='lat' dir='ltr'>ne-</span> 
     </span>
    </p>

    <p class='ocr_par' dir='ltr' id='par_1_8' title="bbox 78 1426 1507 2400">
     <span class='ocr_line' id='line_1_21' title="bbox 138 1426 1505 1476; baseline 0.004 -17"><span class='ocrx_word' id='word_1_151' title='bbox 138 1438 179 1459; x_wconf 85' lang='lat'>20</span> <span class='ocrx_word' id='word_1_152' title='bbox 195 1426 401 1463; x_wconf 85' lang='lat' dir='ltr'>cessitatis.</span> <span class='ocrx_word' id='word_1_153' title='bbox 436 1429 534 1464; x_wconf 89' lang='lat' dir='ltr'>Cum</span> <span class='ocrx_word' id='word_1_154' title='bbox 570 1427 687 1474; x_wconf 77' lang='lat' dir='ltr'>igitur</span> <span class='ocrx_word' id='word_1_155' title='bbox 720 1427 817 1463; x_wconf 89' lang='lat' dir='ltr'>nulli</span> <span class='ocrx_word' id='word_1_156' title='bbox 851 1427 927 1463; x_wconf 88' lang='lat' dir='ltr'>sint</span> <span class='ocrx_word' id='word_1_157' title='bbox 959 1440 1153 1475; x_wconf 85' lang='lat' dir='ltr'>pauperes</span> <span class='ocrx_word' id='word_1_158' title='bbox 1187 1427 1332 1475; x_wconf 87' lang='lat' dir='ltr'>quibus</span> <span class='ocrx_word' id='word_1_159' title='bbox 1367 1429 1505 1476; x_wconf 86' lang='lat' dir='ltr'>apcius</span> 
     </span>
     <span class='ocr_line' id='line_1_22' title="bbox 194 1485 1503 1534; baseline 0.001 -14"><span class='ocrx_word' id='word_1_160' title='bbox 194 1485 589 1522; x_wconf 75' lang='lat' dir='ltr'>communicaremus</span> <span class='ocrx_word' id='word_1_161' title='bbox 632 1487 850 1521; x_wconf 86' lang='lat' dir='ltr'>secundum</span> <span class='ocrx_word' id='word_1_162' title='bbox 896 1486 1020 1533; x_wconf 82' lang='lat' dir='ltr'>legem</span> <span class='ocrx_word' id='word_1_163' title='bbox 1069 1485 1336 1533; x_wconf 79' lang='lat' dir='ltr'>evangelicam</span> <span class='ocrx_word' id='word_1_164' title='bbox 1383 1499 1503 1534; x_wconf 86' lang='lat' dir='ltr'>quam</span> 
     </span>
     <span class='ocr_line' id='line_1_23' title="bbox 193 1542 1505 1591; baseline 0.001 -13"><span class='ocrx_word' id='word_1_165' title='bbox 193 1542 287 1578; x_wconf 85' lang='lat' dir='ltr'>dicti</span> <span class='ocrx_word' id='word_1_166' title='bbox 319 1551 512 1589; x_wconf 86' lang='lat' dir='ltr'>tenentes,</span> <span class='ocrx_word' id='word_1_167' title='bbox 545 1552 587 1578; x_wconf 85' lang='lat' dir='ltr'>ut</span> <span class='ocrx_word' id='word_1_168' title='bbox 620 1556 819 1591; x_wconf 80' lang='lat' dir='ltr'>suppono,</span> <span class='ocrx_word' id='word_1_169' title='bbox 853 1543 1043 1591; x_wconf 86' lang='lat' dir='ltr'>sequitur,</span> <span class='ocrx_word' id='word_1_170' title='bbox 1079 1545 1187 1591; x_wconf 85' lang='lat' dir='ltr'>quod</span> <span class='ocrx_word' id='word_1_171' title='bbox 1212 1543 1288 1579; x_wconf 90' lang='lat' dir='ltr'>illis</span> <span class='ocrx_word' id='word_1_172' title='bbox 1320 1552 1505 1580; x_wconf 81' lang='lat' dir='ltr'>tenentur</span> 
     </span>
     <span class='ocr_line' id='line_1_24' title="bbox 193 1599 1507 1650; baseline 0.002 -15"><span class='ocrx_word' id='word_1_173' title='bbox 193 1599 379 1636; x_wconf 86' lang='lat' dir='ltr'>tribuere.</span> <span class='ocrx_word' id='word_1_174' title='bbox 415 1601 688 1638; x_wconf 81' lang='lat' dir='ltr'>Confirmatur</span> <span class='ocrx_word' id='word_1_175' title='bbox 712 1613 755 1637; x_wconf 86' lang='lat' dir='ltr'>ex</span> <span class='ocrx_word' id='word_1_176' title='bbox 776 1601 844 1637; x_wconf 88' lang='lat' dir='ltr'>illo</span> <span class='ocrx_word' id='word_1_177' title='bbox 869 1601 1037 1637; x_wconf 87' lang='lat' dir='ltr'>consilio</span> <span class='ocrx_word' id='word_1_178' title='bbox 1073 1603 1177 1637; x_wconf 89' lang='lat' dir='ltr'>Luce</span> <span class='ocrx_word' id='word_1_179' title='bbox 1200 1603 1262 1648; x_wconf 81' lang='lat' dir='ltr'>VI,</span> <span class='ocrx_word' id='word_1_180' title='bbox 1288 1613 1361 1650; x_wconf 81' lang='lat'>30:</span> <span class='ocrx_word' id='word_1_181' title='bbox 1392 1601 1507 1637; x_wconf 81' lang='lat' dir='ltr'>Omni</span> 
     </span>
     <span class='ocr_line' id='line_1_25' title="bbox 191 1659 1504 1707; baseline 0.001 -14"><span class='ocrx_word' id='word_1_182' title='bbox 191 1665 314 1693; x_wconf 81' lang='lat' dir='ltr'>autem</span> <span class='ocrx_word' id='word_1_183' title='bbox 356 1659 501 1707; x_wconf 79' lang='lat' dir='ltr'>petenti</span> <span class='ocrx_word' id='word_1_184' title='bbox 544 1666 580 1694; x_wconf 86' lang='lat' dir='ltr'>te</span> <span class='ocrx_word' id='word_1_185' title='bbox 622 1660 759 1704; x_wconf 78' lang='lat' dir='ltr'>tribue,</span> <span class='ocrx_word' id='word_1_186' title='bbox 805 1666 838 1694; x_wconf 86' lang='lat' dir='ltr'>et</span> <span class='ocrx_word' id='word_1_187' title='bbox 882 1660 945 1707; x_wconf 79' lang='lat' dir='ltr'>qm·</span> <span class='ocrx_word' id='word_1_188' title='bbox 975 1660 1106 1707; x_wconf 79' lang='lat' dir='ltr'>aufert</span> <span class='ocrx_word' id='word_1_189' title='bbox 1137 1671 1207 1707; x_wconf 79' lang='lat' dir='ltr'>que</span> <span class='ocrx_word' id='word_1_190' title='bbox 1246 1667 1309 1695; x_wconf 75' lang='lat' dir='ltr'>tua</span> <span class='ocrx_word' id='word_1_191' title='bbox 1341 1666 1504 1695; x_wconf 78' lang='lat' dir='ltr'>suntne</span> 
     </span>
     <span class='ocr_line' id='line_1_26' title="bbox 136 1716 1505 1764; baseline 0.002 -15"><span class='ocrx_word' id='word_1_192' title='bbox 136 1718 174 1749; x_wconf 78' lang='lat'>25</span> <span class='ocrx_word' id='word_1_193' title='bbox 192 1723 356 1764; x_wconf 79' lang='lat' dir='ltr'>repetas.</span> <span class='ocrx_word' id='word_1_194' title='bbox 391 1717 489 1752; x_wconf 89' lang='lat' dir='ltr'>Cum</span> <span class='ocrx_word' id='word_1_195' title='bbox 525 1716 646 1763; x_wconf 83' lang='lat' dir='ltr'>igitur</span> <span class='ocrx_word' id='word_1_196' title='bbox 678 1716 772 1752; x_wconf 86' lang='lat' dir='ltr'>dicti</span> <span class='ocrx_word' id='word_1_197' title='bbox 805 1725 983 1764; x_wconf 88' lang='lat' dir='ltr'>petentes</span> <span class='ocrx_word' id='word_1_198' title='bbox 1017 1726 1156 1764; x_wconf 87' lang='lat' dir='ltr'>petunt</span> <span class='ocrx_word' id='word_1_199' title='bbox 1188 1729 1258 1753; x_wconf 89' lang='lat' dir='ltr'>sua</span> <span class='ocrx_word' id='word_1_200' title='bbox 1291 1717 1326 1752; x_wconf 83' lang='lat' dir='ltr'>in</span> <span class='ocrx_word' id='word_1_201' title='bbox 1354 1717 1505 1753; x_wconf 81' lang='lat' dir='ltr'>nomine</span> 
     </span>
     <span class='ocr_line' id='line_1_27' title="bbox 192 1773 1503 1819; baseline 0.002 -12"><span class='ocrx_word' id='word_1_202' title='bbox 192 1773 351 1809; x_wconf 79' lang='lat' dir='ltr'>Domini</span> <span class='ocrx_word' id='word_1_203' title='bbox 371 1775 418 1809; x_wconf 87' lang='lat' dir='ltr'>ab</span> <span class='ocrx_word' id='word_1_204' title='bbox 450 1776 483 1810; x_wconf 90' lang='lat' dir='ltr'><strong>A</strong></span> <span class='ocrx_word' id='word_1_205' title='bbox 508 1774 765 1819; x_wconf 86' lang='lat' dir='ltr'>monasterio,</span> <span class='ocrx_word' id='word_1_206' title='bbox 801 1774 863 1810; x_wconf 89' lang='lat' dir='ltr'>cui</span> <span class='ocrx_word' id='word_1_207' title='bbox 888 1776 936 1810; x_wconf 88' lang='lat' dir='ltr'>ad</span> <span class='ocrx_word' id='word_1_208' title='bbox 960 1775 1035 1811; x_wconf 88' lang='lat' dir='ltr'>hoc</span> <span class='ocrx_word' id='word_1_209' title='bbox 1060 1776 1263 1811; x_wconf 84' lang='lat' dir='ltr'>donantur</span> <span class='ocrx_word' id='word_1_210' title='bbox 1287 1774 1503 1811; x_wconf 85' lang='lat' dir='ltr'>elemosine</span> 
     </span>
     <span class='ocr_line' id='line_1_28' title="bbox 192 1831 1501 1880; baseline 0.002 -14"><span class='ocrx_word' id='word_1_211' title='bbox 192 1831 355 1867; x_wconf 86' lang='lat' dir='ltr'>ecclesie</span> <span class='ocrx_word' id='word_1_212' title='bbox 406 1840 448 1867; x_wconf 88' lang='lat' dir='ltr'>ut</span> <span class='ocrx_word' id='word_1_213' title='bbox 481 1832 792 1879; x_wconf 87' lang='lat' dir='ltr'>communicent,</span> <span class='ocrx_word' id='word_1_214' title='bbox 849 1841 886 1868; x_wconf 87' lang='lat' dir='ltr'>et</span> <span class='ocrx_word' id='word_1_215' title='bbox 936 1845 1017 1868; x_wconf 88' lang='lat' dir='ltr'>non</span> <span class='ocrx_word' id='word_1_216' title='bbox 1069 1832 1207 1869; x_wconf 90' lang='lat' dir='ltr'>mundi</span> <span class='ocrx_word' id='word_1_217' title='bbox 1259 1832 1501 1880; x_wconf 85' lang='lat' dir='ltr'>potentibus,</span> 
     </span>
     <span class='ocr_line' id='line_1_29' title="bbox 192 1888 1502 1938; baseline 0.002 -14"><span class='ocrx_word' id='word_1_218' title='bbox 192 1888 350 1925; x_wconf 83' lang='lat' dir='ltr'>discolis</span> <span class='ocrx_word' id='word_1_219' title='bbox 384 1902 429 1926; x_wconf 90' lang='lat' dir='ltr'>ac</span> <span class='ocrx_word' id='word_1_220' title='bbox 461 1889 618 1933; x_wconf 85' lang='lat' dir='ltr'>scurris,</span> <span class='ocrx_word' id='word_1_221' title='bbox 652 1889 807 1926; x_wconf 88' lang='lat' dir='ltr'>videtur</span> <span class='ocrx_word' id='word_1_222' title='bbox 840 1891 945 1937; x_wconf 86' lang='lat' dir='ltr'>quod</span> <span class='ocrx_word' id='word_1_223' title='bbox 980 1891 1197 1926; x_wconf 89' lang='lat' dir='ltr'>secundum</span> <span class='ocrx_word' id='word_1_224' title='bbox 1234 1891 1361 1938; x_wconf 82' lang='lat' dir='ltr'>legem</span> <span class='ocrx_word' id='word_1_225' title='bbox 1387 1903 1502 1927; x_wconf 86' lang='lat' dir='ltr'>evan—</span> 
     </span>
     <span class='ocr_line' id='line_1_30' title="bbox 78 1946 1501 1996; baseline 0.004 -16"><span class='ocrx_word' id='word_1_226' title='bbox 78 1946 153 1981; x_wconf 66' lang='lat'><em>166‘1</em></span> <span class='ocrx_word' id='word_1_227' title='bbox 192 1946 358 1994; x_wconf 85' lang='lat' dir='ltr'>gelicam</span> <span class='ocrx_word' id='word_1_228' title='bbox 404 1956 588 1984; x_wconf 87' lang='lat' dir='ltr'>tenentur</span> <span class='ocrx_word' id='word_1_229' title='bbox 617 1949 621 1996; x_wconf 83' lang='lat'>1</span> <span class='ocrx_word' id='word_1_230' title='bbox 650 1947 689 1983; x_wconf 90' lang='lat' dir='ltr'>in</span> <span class='ocrx_word' id='word_1_231' title='bbox 733 1947 802 1983; x_wconf 85' lang='lat' dir='ltr'>tali</span> <span class='ocrx_word' id='word_1_232' title='bbox 848 1960 941 1984; x_wconf 89' lang='lat' dir='ltr'>casu</span> <span class='ocrx_word' id='word_1_233' title='bbox 981 1948 1158 1984; x_wconf 85' lang='lat' dir='ltr'>redditus</span> <span class='ocrx_word' id='word_1_234' title='bbox 1197 1961 1277 1985; x_wconf 89' lang='lat' dir='ltr'>non</span> <span class='ocrx_word' id='word_1_235' title='bbox 1310 1957 1501 1996; x_wconf 85' lang='lat' dir='ltr'>repetere.</span> 
     </span>
     <span class='ocr_line' id='line_1_31' title="bbox 135 2005 1500 2054; baseline 0.001 -15"><span class='ocrx_word' id='word_1_236' title='bbox 135 2008 176 2039; x_wconf 76' lang='lat'>30</span> <span class='ocrx_word' id='word_1_237' title='bbox 191 2006 239 2040; x_wconf 86' lang='lat' dir='ltr'>Et</span> <span class='ocrx_word' id='word_1_238' title='bbox 273 2017 362 2040; x_wconf 87' lang='lat' dir='ltr'>cum</span> <span class='ocrx_word' id='word_1_239' title='bbox 398 2006 472 2042; x_wconf 92' lang='lat' dir='ltr'>hoc</span> <span class='ocrx_word' id='word_1_240' title='bbox 505 2014 636 2053; x_wconf 87' lang='lat' dir='ltr'>potest</span> <span class='ocrx_word' id='word_1_241' title='bbox 670 2005 902 2053; x_wconf 83' lang='lat' dir='ltr'>contingere</span> <span class='ocrx_word' id='word_1_242' title='bbox 920 2018 989 2053; x_wconf 90' lang='lat' dir='ltr'>per</span> <span class='ocrx_word' id='word_1_243' title='bbox 1013 2006 1307 2054; x_wconf 87' lang='lat' dir='ltr'>quantumlibet</span> <span class='ocrx_word' id='word_1_244' title='bbox 1330 2015 1500 2054; x_wconf 87' lang='lat' dir='ltr'>tempus,</span> 
     </span>
     <span class='ocr_line' id='line_1_32' title="bbox 191 2062 1501 2112; baseline 0.002 -14"><span class='ocrx_word' id='word_1_245' title='bbox 191 2062 372 2110; x_wconf 84' lang='lat' dir='ltr'>sequitur</span> <span class='ocrx_word' id='word_1_246' title='bbox 416 2065 523 2111; x_wconf 88' lang='lat' dir='ltr'>quod</span> <span class='ocrx_word' id='word_1_247' title='bbox 568 2076 648 2099; x_wconf 89' lang='lat' dir='ltr'>non</span> <span class='ocrx_word' id='word_1_248' title='bbox 693 2062 922 2111; x_wconf 82' lang='lat' dir='ltr'>obligantur</span> <span class='ocrx_word' id='word_1_249' title='bbox 968 2064 1082 2111; x_wconf 90' lang='lat' dir='ltr'>plene</span> <span class='ocrx_word' id='word_1_250' title='bbox 1128 2065 1347 2100; x_wconf 86' lang='lat' dir='ltr'>secundum</span> <span class='ocrx_word' id='word_1_251' title='bbox 1396 2065 1501 2112; x_wconf 81' lang='lat' dir='ltr'>leges</span> 
     </span>
     <span class='ocr_line' id='line_1_33' title="bbox 191 2121 1500 2171; baseline 0.001 -15"><span class='ocrx_word' id='word_1_252' title='bbox 191 2121 388 2157; x_wconf 85' lang='lat' dir='ltr'>humanas</span> <span class='ocrx_word' id='word_1_253' title='bbox 433 2123 537 2157; x_wconf 89' lang='lat' dir='ltr'>bona</span> <span class='ocrx_word' id='word_1_254' title='bbox 582 2134 652 2157; x_wconf 89' lang='lat' dir='ltr'>sua</span> <span class='ocrx_word' id='word_1_255' title='bbox 697 2130 896 2171; x_wconf 68' lang='lat' dir='ltr'>repetere,</span> <span class='ocrx_word' id='word_1_256' title='bbox 940 2123 1007 2158; x_wconf 86' lang='lat' dir='ltr'>sed</span> <span class='ocrx_word' id='word_1_257' title='bbox 1048 2134 1137 2158; x_wconf 90' lang='lat' dir='ltr'>cum</span> <span class='ocrx_word' id='word_1_258' title='bbox 1178 2121 1377 2158; x_wconf 89' lang='lat' dir='ltr'>infinitum</span> <span class='ocrx_word' id='word_1_259' title='bbox 1414 2122 1500 2169; x_wconf 91' lang='lat' dir='ltr'>plus</span> 
     </span>
     <span class='ocr_line' id='line_1_34' title="bbox 190 2177 1500 2228; baseline 0.002 -15"><span class='ocrx_word' id='word_1_260' title='bbox 190 2177 418 2226; x_wconf 84' lang='lat' dir='ltr'>obligantur</span> <span class='ocrx_word' id='word_1_261' title='bbox 462 2178 537 2226; x_wconf 78' lang='lat' dir='ltr'>legi</span> <span class='ocrx_word' id='word_1_262' title='bbox 584 2179 807 2226; x_wconf 82' lang='lat' dir='ltr'>evangelice</span> <span class='ocrx_word' id='word_1_263' title='bbox 853 2192 973 2227; x_wconf 90' lang='lat' dir='ltr'>quam</span> <span class='ocrx_word' id='word_1_264' title='bbox 1009 2179 1125 2225; x_wconf 87' lang='lat' dir='ltr'>civili,</span> <span class='ocrx_word' id='word_1_265' title='bbox 1168 2179 1347 2228; x_wconf 83' lang='lat' dir='ltr'>sequitur</span> <span class='ocrx_word' id='word_1_266' title='bbox 1393 2181 1500 2226; x_wconf 82' lang='lat' dir='ltr'>quod</span> 
     </span>
     <span class='ocr_line' id='line_1_35' title="bbox 189 2236 1498 2276; baseline 0 -4"><span class='ocrx_word' id='word_1_267' title='bbox 189 2243 374 2272; x_wconf 89' lang='lat' dir='ltr'>tenentur</span> <span class='ocrx_word' id='word_1_268' title='bbox 412 2237 459 2272; x_wconf 90' lang='lat' dir='ltr'>de</span> <span class='ocrx_word' id='word_1_269' title='bbox 502 2236 727 2273; x_wconf 87' lang='lat' dir='ltr'>elemosinis</span> <span class='ocrx_word' id='word_1_270' title='bbox 766 2236 846 2273; x_wconf 84' lang='lat' dir='ltr'>suis</span> <span class='ocrx_word' id='word_1_271' title='bbox 885 2237 1000 2273; x_wconf 89' lang='lat' dir='ltr'>facile</span> <span class='ocrx_word' id='word_1_272' title='bbox 1033 2237 1221 2276; x_wconf 87' lang='lat' dir='ltr'>tribuere.</span> <span class='ocrx_word' id='word_1_273' title='bbox 1276 2239 1361 2273; x_wconf 88' lang='lat' dir='ltr'>Hoc</span> <span class='ocrx_word' id='word_1_274' title='bbox 1395 2236 1498 2272; x_wconf 84' lang='lat' dir='ltr'>enim</span> 
     </span>
     <span class='ocr_line' id='line_1_36' title="bbox 135 2294 1499 2343; baseline 0.001 -14"><span class='ocrx_word' id='word_1_275' title='bbox 135 2302 172 2335; x_wconf 81' lang='lat'>35</span> <span class='ocrx_word' id='word_1_276' title='bbox 190 2301 377 2330; x_wconf 87' lang='lat' dir='ltr'>tenentur</span> <span class='ocrx_word' id='word_1_277' title='bbox 419 2294 572 2330; x_wconf 88' lang='lat' dir='ltr'>domini</span> <span class='ocrx_word' id='word_1_278' title='bbox 607 2295 818 2341; x_wconf 87' lang='lat' dir='ltr'>seculares,</span> <span class='ocrx_word' id='word_1_279' title='bbox 853 2304 894 2331; x_wconf 88' lang='lat' dir='ltr'>ut</span> <span class='ocrx_word' id='word_1_280' title='bbox 925 2303 1035 2343; x_wconf 88' lang='lat' dir='ltr'>patet</span> <span class='ocrx_word' id='word_1_281' title='bbox 1069 2296 1117 2332; x_wconf 91' lang='lat' dir='ltr'>ad</span> <span class='ocrx_word' id='word_1_282' title='bbox 1150 2295 1284 2331; x_wconf 88' lang='lat' dir='ltr'>Thim.</span> <span class='ocrx_word' id='word_1_283' title='bbox 1308 2296 1370 2341; x_wconf 86' lang='lat' dir='ltr'>VI,</span> <span class='ocrx_word' id='word_1_284' title='bbox 1408 2307 1499 2342; x_wconf 84' lang='lat' dir='ltr'>ergo</span> 
     </span>
     <span class='ocr_line' id='line_1_37' title="bbox 192 2351 1498 2400; baseline 0.001 -13"><span class='ocrx_word' id='word_1_285' title='bbox 192 2352 316 2388; x_wconf 91' lang='lat' dir='ltr'>multo</span> <span class='ocrx_word' id='word_1_286' title='bbox 349 2351 475 2400; x_wconf 84' lang='lat' dir='ltr'>magis</span> <span class='ocrx_word' id='word_1_287' title='bbox 513 2352 610 2388; x_wconf 88' lang='lat' dir='ltr'>nudi</span> <span class='ocrx_word' id='word_1_288' title='bbox 644 2352 916 2389; x_wconf 87' lang='lat' dir='ltr'>elemosinarii</span> <span class='ocrx_word' id='word_1_289' title='bbox 956 2353 1194 2389; x_wconf 88' lang='lat' dir='ltr'>secularium</span> <span class='ocrx_word' id='word_1_290' title='bbox 1230 2352 1498 2391; x_wconf 87' lang='lat' dir='ltr'>dominorum.</span> 
     </span>
    </p>

    <p class='ocr_par' dir='ltr' id='par_1_9' title="bbox 122 2410 1788 2463">
     <span class='ocr_line' id='line_1_38' title="bbox 122 2410 1788 2463; baseline -0.001 -13"><span class='ocrx_word' id='word_1_291' title='bbox 122 2419 152 2450; x_wconf 88' lang='lat' dir='ltr'>G</span> <span class='ocrx_word' id='word_1_292' title='bbox 182 2417 185 2420; x_wconf 78' lang='grc'><strong>“</strong></span> <span class='ocrx_word' id='word_1_293' title='bbox 247 2411 431 2446; x_wconf 87' lang='lat' dir='ltr'>Secundo</span> <span class='ocrx_word' id='word_1_294' title='bbox 456 2410 717 2446; x_wconf 81' lang='lat' dir='ltr'>confirmatur</span> <span class='ocrx_word' id='word_1_295' title='bbox 741 2423 784 2447; x_wconf 84' lang='lat' dir='ltr'>ex</span> <span class='ocrx_word' id='word_1_296' title='bbox 807 2411 882 2447; x_wconf 88' lang='lat' dir='ltr'>hoc</span> <span class='ocrx_word' id='word_1_297' title='bbox 906 2411 1013 2459; x_wconf 92' lang='lat' dir='ltr'>quod</span> <span class='ocrx_word' id='word_1_298' title='bbox 1046 2411 1181 2447; x_wconf 79' lang='lat' dir='ltr'>omnia</span> <span class='ocrx_word' id='word_1_299' title='bbox 1216 2412 1321 2446; x_wconf 88' lang='lat' dir='ltr'>bona</span> <span class='ocrx_word' id='word_1_300' title='bbox 1355 2410 1499 2446; x_wconf 83' lang='lat' dir='ltr'>collata</span> <span class='ocrx_word' id='word_1_301' title='bbox 1516 2415 1562 2441; x_wconf 84' lang='grc' dir='ltr'>ΑΗ</span> <span class='ocrx_word' id='word_1_302' title='bbox 1587 2415 1660 2462; x_wconf 61' lang='lat' dir='ltr'>gil‘ts</span> <span class='ocrx_word' id='word_1_303' title='bbox 1688 2419 1718 2463; x_wconf 66' lang='lat' dir='ltr'>tq</span> <span class='ocrx_word' id='word_1_304' title='bbox 1739 2416 1788 2442; x_wconf 73' lang='lat' dir='ltr'>the</span> 
     </span>
    </p>

    <p class='ocr_par' dir='ltr' id='par_1_10' title="bbox 190 2450 1776 2518">
     <span class='ocr_line' id='line_1_39' title="bbox 190 2450 1776 2518; baseline 0.001 -16"><span class='ocrx_word' id='word_1_305' title='bbox 190 2467 342 2503; x_wconf 87' lang='lat' dir='ltr'>clericis</span> <span class='ocrx_word' id='word_1_306' title='bbox 374 2476 416 2503; x_wconf 87' lang='lat' dir='ltr'>ut</span> <span class='ocrx_word' id='word_1_307' title='bbox 450 2467 679 2504; x_wconf 88' lang='lat' dir='ltr'>huiusmodi</span> <span class='ocrx_word' id='word_1_308' title='bbox 711 2477 801 2505; x_wconf 84' lang='lat' dir='ltr'>sunt</span> <span class='ocrx_word' id='word_1_309' title='bbox 835 2480 932 2516; x_wconf 86' lang='lat' dir='ltr'>pure</span> <span class='ocrx_word' id='word_1_310' title='bbox 966 2468 1194 2518; x_wconf 77' lang='lat' dir='ltr'>elemosine,</span> <span class='ocrx_word' id='word_1_311' title='bbox 1230 2468 1296 2504; x_wconf 84' lang='lat' dir='ltr'>sed</span> <span class='ocrx_word' id='word_1_312' title='bbox 1328 2481 1408 2504; x_wconf 90' lang='lat' dir='ltr'>non</span> <span class='ocrx_word' id='word_1_313' title='bbox 1443 2477 1498 2504; x_wconf 90' lang='lat' dir='ltr'>est</span> <span class='ocrx_word' id='word_1_314' title='bbox 1531 2450 1776 2511; x_wconf 45' lang='lat' dir='ltr'>alssisslffiidffliiis</span> 
     </span>
    </p>
   </div>
   <div class='ocr_carea' id='block_1_3' title="bbox 190 2519 1774 2589">
    <p class='ocr_par' dir='ltr' id='par_1_11' title="bbox 190 2519 1774 2589">
     <span class='ocr_line' id='line_1_40' title="bbox 190 2519 1774 2589; baseline 0.001 -29"><span class='ocrx_word' id='word_1_315' title='bbox 190 2524 405 2561; x_wconf 88' lang='lat' dir='ltr'>elemosina</span> <span class='ocrx_word' id='word_1_316' title='bbox 452 2525 578 2563; x_wconf 83' lang='lat' dir='ltr'>dictos</span> <span class='ocrx_word' id='word_1_317' title='bbox 622 2535 800 2562; x_wconf 87' lang='lat' dir='ltr'>tenentes</span> <span class='ocrx_word' id='word_1_318' title='bbox 845 2527 940 2563; x_wconf 88' lang='lat' dir='ltr'>dare</span> <span class='ocrx_word' id='word_1_319' title='bbox 978 2528 1011 2562; x_wconf 93' lang='lat' dir='ltr'><strong>A</strong></span> <span class='ocrx_word' id='word_1_320' title='bbox 1044 2525 1288 2563; x_wconf 85' lang='lat' dir='ltr'>monasterio</span> <span class='ocrx_word' id='word_1_321' title='bbox 1328 2525 1366 2562; x_wconf 89' lang='lat' dir='ltr'>in</span> <span class='ocrx_word' id='word_1_322' title='bbox 1406 2538 1499 2562; x_wconf 88' lang='lat' dir='ltr'>casu</span> <span class='ocrx_word' id='word_1_323' title='bbox 1532 2519 1774 2589; x_wconf 41' lang='lat' dir='ltr'>pligtiiilnsiicifa</span> 
     </span>
    </p>
   </div>
   <div class='ocr_carea' id='block_1_4' title="bbox 1619 2596 1699 2617">
    <p class='ocr_par' dir='ltr' id='par_1_12' title="bbox 1619 2596 1699 2617">
     <span class='ocr_line' id='line_1_41' title="bbox 1619 2596 1699 2617; baseline 0.025 -2"><span class='ocrx_word' id='word_1_324' title='bbox 1619 2596 1699 2617; x_wconf 70' lang='lat' dir='ltr'>CssSC·</span> 
     </span>
    </p>
   </div>
   <div class='ocr_carea' id='block_1_5' title="bbox 189 2726 1498 2832">
    <p class='ocr_par' dir='ltr' id='par_1_13' title="bbox 189 2726 1498 2832">
     <span class='ocr_line' id='line_1_42' title="bbox 258 2726 1497 2764; baseline 0 -10"><span class='ocrx_word' id='word_1_325' title='bbox 258 2735 283 2754; x_wconf 84' lang='lat'>2.</span> <span class='ocrx_word' id='word_1_326' title='bbox 307 2727 400 2755; x_wconf 89' lang='lat' dir='ltr'>Cod.:</span> <span class='ocrx_word' id='word_1_327' title='bbox 418 2731 617 2763; x_wconf 80' lang='lat' dir='ltr'>peccatorum</span> <span class='ocrx_word' id='word_1_328' title='bbox 637 2728 802 2754; x_wconf 82' lang='lat' dir='ltr'>malorum.</span> <span class='ocrx_word' id='word_1_329' title='bbox 893 2726 930 2754; x_wconf 82' lang='lat'>13.</span> <span class='ocrx_word' id='word_1_330' title='bbox 943 2727 1050 2762; x_wconf 82' lang='lat' dir='ltr'>firma,</span> <span class='ocrx_word' id='word_1_331' title='bbox 1079 2727 1160 2759; x_wconf 80' lang='lat' dir='ltr'>ferm</span> <span class='ocrx_word' id='word_1_332' title='bbox 1187 2735 1222 2754; x_wconf 83' lang='lat'>01·</span> <span class='ocrx_word' id='word_1_333' title='bbox 1239 2727 1348 2764; x_wconf 68' lang='lat' dir='ltr'>samm</span> <span class='ocrx_word' id='word_1_334' title='bbox 1379 2736 1395 2754; x_wconf 85' lang='lat' dir='ltr'>a</span> <span class='ocrx_word' id='word_1_335' title='bbox 1421 2727 1497 2754; x_wconf 76' lang='lat' dir='ltr'>tixed</span> 
     </span>
     <span class='ocr_line' id='line_1_43' title="bbox 190 2761 1498 2798; baseline 0.002 -11"><span class='ocrx_word' id='word_1_336' title='bbox 190 2770 256 2788; x_wconf 69' lang='lat' dir='ltr'>sum</span> <span class='ocrx_word' id='word_1_337' title='bbox 279 2770 315 2789; x_wconf 85' lang='lat'>01·</span> <span class='ocrx_word' id='word_1_338' title='bbox 335 2767 399 2789; x_wconf 85' lang='lat' dir='ltr'>rent</span> <span class='ocrx_word' id='word_1_339' title='bbox 421 2763 548 2798; x_wconf 76' lang='lat' dir='ltr'>payable</span> <span class='ocrx_word' id='word_1_340' title='bbox 577 2763 615 2797; x_wconf 86' lang='lat' dir='ltr'>by</span> <span class='ocrx_word' id='word_1_341' title='bbox 647 2771 715 2798; x_wconf 82' lang='lat' dir='ltr'>way</span> <span class='ocrx_word' id='word_1_342' title='bbox 752 2763 787 2789; x_wconf 89' lang='lat' dir='ltr'>of</span> <span class='ocrx_word' id='word_1_343' title='bbox 821 2762 1038 2797; x_wconf 86' lang='lat' dir='ltr'>composition.</span> <span class='ocrx_word' id='word_1_344' title='bbox 1061 2762 1127 2789; x_wconf 79' lang='lat' dir='ltr'>viz.</span> <span class='ocrx_word' id='word_1_345' title='bbox 1149 2762 1264 2790; x_wconf 73' lang='lat' dir='ltr'>stubbs</span> <span class='ocrx_word' id='word_1_346' title='bbox 1285 2762 1383 2790; x_wconf 82' lang='lat' dir='ltr'>Select</span> <span class='ocrx_word' id='word_1_347' title='bbox 1404 2761 1498 2790; x_wconf 81' lang='lat' dir='ltr'>Char-</span> 
     </span>
     <span class='ocr_line' id='line_1_44' title="bbox 189 2796 1496 2832; baseline 0.001 -10"><span class='ocrx_word' id='word_1_348' title='bbox 189 2801 250 2823; x_wconf 81' lang='lat' dir='ltr'>ters</span> <span class='ocrx_word' id='word_1_349' title='bbox 271 2796 336 2829; x_wconf 69' lang='lat'>540.</span> <span class='ocrx_word' id='word_1_350' title='bbox 419 2804 458 2830; x_wconf 66' lang='grc' dir='ltr'>ις».</span> <span class='ocrx_word' id='word_1_351' title='bbox 482 2797 576 2824; x_wconf 87' lang='lat' dir='ltr'>Cod.:</span> <span class='ocrx_word' id='word_1_352' title='bbox 598 2796 858 2824; x_wconf 75' lang='lat' dir='ltr'>communicanda.</span> <span class='ocrx_word' id='word_1_353' title='bbox 933 2803 974 2823; x_wconf 82' lang='lat'>22.</span> <span class='ocrx_word' id='word_1_354' title='bbox 999 2797 1094 2824; x_wconf 84' lang='lat' dir='ltr'>Cod.:</span> <span class='ocrx_word' id='word_1_355' title='bbox 1115 2797 1258 2832; x_wconf 81' lang='lat' dir='ltr'>supponi.</span> <span class='ocrx_word' id='word_1_356' title='bbox 1334 2796 1380 2829; x_wconf 67' lang='lat'>39.</span> <span class='ocrx_word' id='word_1_357' title='bbox 1402 2797 1496 2823; x_wconf 79' lang='lat' dir='ltr'>Cod.:</span> 
     </span>
    </p>
   </div>
   <div class='ocr_carea' id='block_1_6' title="bbox 188 2831 397 2865">
    <p class='ocr_par' dir='ltr' id='par_1_14' title="bbox 188 2831 397 2865">
     <span class='ocr_line' id='line_1_45' title="bbox 188 2831 397 2865; baseline 0.005 -8"><span class='ocrx_word' id='word_1_358' title='bbox 188 2838 264 2858; x_wconf 86' lang='lat' dir='ltr'>cura</span> <span class='ocrx_word' id='word_1_359' title='bbox 282 2831 397 2865; x_wconf 80' lang='lat' dir='ltr'>posito.</span> 
     </span>
    </p>
   </div>
  </div>
 </body>
</html>
