<?xml version="1.0" encoding="UTF-8"?>
<!DOCTYPE html PUBLIC "-//W3C//DTD XHTML 1.0 Transitional//EN"
    "http://www.w3.org/TR/xhtml1/DTD/xhtml1-transitional.dtd">
<html xmlns="http://www.w3.org/1999/xhtml" xml:lang="en" lang="en">
 <head>
  <title>
</title>
<meta http-equiv="Content-Type" content="text/html;charset=utf-8" />
  <meta name='ocr-system' content='tesseract 3.04.00' />
  <meta name='ocr-capabilities' content='ocr_page ocr_carea ocr_par ocr_line ocrx_word'/>
</head>
<body>
  <div class='ocr_page' id='page_1' title='image "./decivilidominio04wycl_0298.png"; bbox 0 0 2050 3292; ppageno 0'>
   <div class='ocr_carea' id='block_1_1' title="bbox 274 848 453 928">
    <p class='ocr_par' dir='ltr' id='par_1_1' title="bbox 274 848 453 928">
     <span class='ocr_line' id='line_1_1' title="bbox 274 848 453 882; baseline -0.011 -7"><span class='ocrx_word' id='word_1_1' title='bbox 274 848 453 882; x_wconf 70' lang='lat' dir='ltr'>Summary.</span> 
     </span>
     <span class='ocr_line' id='line_1_2' title="bbox 289 893 430 928; baseline -0.007 -7"><span class='ocrx_word' id='word_1_2' title='bbox 289 893 385 928; x_wconf 73' lang='lat' dir='ltr'>Cliap.</span> <span class='ocrx_word' id='word_1_3' title='bbox 407 893 430 920; x_wconf 87' lang='lat'>1.</span> 
     </span>
    </p>
   </div>
   <div class='ocr_carea' id='block_1_2' title="bbox 289 1424 444 1459">
    <p class='ocr_par' dir='ltr' id='par_1_2' title="bbox 289 1424 444 1459">
     <span class='ocr_line' id='line_1_3' title="bbox 289 1424 444 1459; baseline -0.019 -7"><span class='ocrx_word' id='word_1_4' title='bbox 289 1425 388 1459; x_wconf 79' lang='lat' dir='ltr'>Chap.</span> <span class='ocrx_word' id='word_1_5' title='bbox 408 1424 444 1451; x_wconf 83' lang='lat'>11.</span> 
     </span>
    </p>
   </div>
   <div class='ocr_carea' id='block_1_3' title="bbox 640 735 1687 784">
    <p class='ocr_par' dir='ltr' id='par_1_3' title="bbox 640 735 1687 784">
     <span class='ocr_line' id='line_1_4' title="bbox 640 735 1687 784; baseline 0 0"><span class='ocrx_word' id='word_1_6' title='bbox 640 736 936 784; x_wconf 89' lang='lat' dir='ltr'>INCIPIUNT</span> <span class='ocrx_word' id='word_1_7' title='bbox 973 735 1253 783; x_wconf 87' lang='lat' dir='ltr'>CAPITULA</span> <span class='ocrx_word' id='word_1_8' title='bbox 1289 736 1441 783; x_wconf 87' lang='lat' dir='ltr'>LIBRI</span> <span class='ocrx_word' id='word_1_9' title='bbox 1477 736 1687 784; x_wconf 82' lang='lat' dir='ltr'>QUINTI.</span> 
     </span>
    </p>
   </div>
   <div class='ocr_carea' id='block_1_4' title="bbox 512 839 1960 2569">
    <p class='ocr_par' dir='ltr' id='par_1_4' title="bbox 512 839 1887 1399">
     <span class='ocr_line' id='line_1_5' title="bbox 569 839 1820 889; baseline -0.001 -12"><span class='ocrx_word' id='word_1_10' title='bbox 569 839 799 889; x_wconf 82' lang='lat' dir='ltr'>Capitulum</span> <span class='ocrx_word' id='word_1_11' title='bbox 833 839 1007 887; x_wconf 88' lang='lat' dir='ltr'>primum</span> <span class='ocrx_word' id='word_1_12' title='bbox 1042 839 1238 888; x_wconf 85' lang='lat' dir='ltr'>premittit</span> <span class='ocrx_word' id='word_1_13' title='bbox 1261 839 1583 888; x_wconf 85' lang='lat' dir='ltr'>supposicionem</span> <span class='ocrx_word' id='word_1_14' title='bbox 1608 840 1820 888; x_wconf 80' lang='lat' dir='ltr'>triplicem,</span> 
     </span>
     <span class='ocr_line' id='line_1_6' title="bbox 512 897 1822 949; baseline 0 -14"><span class='ocrx_word' id='word_1_15' title='bbox 512 911 681 947; x_wconf 86' lang='lat' dir='ltr'>quarum</span> <span class='ocrx_word' id='word_1_16' title='bbox 706 897 829 934; x_wconf 90' lang='lat' dir='ltr'>tercia</span> <span class='ocrx_word' id='word_1_17' title='bbox 852 906 928 934; x_wconf 89' lang='lat' dir='ltr'>est:</span> <span class='ocrx_word' id='word_1_18' title='bbox 963 897 1054 946; x_wconf 83' lang='lat' dir='ltr'>quid</span> <span class='ocrx_word' id='word_1_19' title='bbox 1075 905 1131 934; x_wconf 82' lang='lat' dir='ltr'>est</span> <span class='ocrx_word' id='word_1_20' title='bbox 1153 898 1250 934; x_wconf 82' lang='lat' dir='ltr'>ordo</span> <span class='ocrx_word' id='word_1_21' title='bbox 1273 905 1386 946; x_wconf 80' lang='lat' dir='ltr'>atque</span> <span class='ocrx_word' id='word_1_22' title='bbox 1408 899 1570 949; x_wconf 72' lang='lat' dir='ltr'>religi05</span> <span class='ocrx_word' id='word_1_23' title='bbox 1603 898 1822 947; x_wconf 83' lang='lat' dir='ltr'>dividitque</span> 
     </span>
     <span class='ocr_line' id='line_1_7' title="bbox 512 955 1824 1003; baseline -0.001 -10"><span class='ocrx_word' id='word_1_24' title='bbox 512 965 639 993; x_wconf 89' lang='lat' dir='ltr'>totum</span> <span class='ocrx_word' id='word_1_25' title='bbox 664 955 845 992; x_wconf 85' lang='lat' dir='ltr'>ordinem</span> <span class='ocrx_word' id='word_1_26' title='bbox 871 955 1131 992; x_wconf 86' lang='lat' dir='ltr'>christianum</span> <span class='ocrx_word' id='word_1_27' title='bbox 1163 955 1202 991; x_wconf 88' lang='lat' dir='ltr'>in</span> <span class='ocrx_word' id='word_1_28' title='bbox 1223 963 1303 991; x_wconf 91' lang='lat' dir='ltr'>tres</span> <span class='ocrx_word' id='word_1_29' title='bbox 1326 965 1479 1003; x_wconf 86' lang='lat' dir='ltr'>partes;</span> <span class='ocrx_word' id='word_1_30' title='bbox 1513 965 1550 992; x_wconf 90' lang='lat' dir='ltr'>et</span> <span class='ocrx_word' id='word_1_31' title='bbox 1583 956 1824 993; x_wconf 86' lang='lat' dir='ltr'>declarando</span> 
     </span>
     <span class='ocr_line' id='line_1_8' title="bbox 514 1013 1858 1062; baseline 0.001 -12"><span class='ocrx_word' id='word_1_32' title='bbox 514 1015 694 1051; x_wconf 87' lang='lat' dir='ltr'>membra</span> <span class='ocrx_word' id='word_1_33' title='bbox 732 1014 876 1061; x_wconf 90' lang='lat' dir='ltr'>probat</span> <span class='ocrx_word' id='word_1_34' title='bbox 909 1014 1017 1061; x_wconf 85' lang='lat' dir='ltr'>quod</span> <span class='ocrx_word' id='word_1_35' title='bbox 1056 1014 1254 1050; x_wconf 88' lang='lat' dir='ltr'>seculares</span> <span class='ocrx_word' id='word_1_36' title='bbox 1287 1022 1378 1050; x_wconf 91' lang='lat' dir='ltr'>sunt</span> <span class='ocrx_word' id='word_1_37' title='bbox 1409 1013 1603 1062; x_wconf 81' lang='lat' dir='ltr'>religiosi3</span> <span class='ocrx_word' id='word_1_38' title='bbox 1649 1015 1858 1053; x_wconf 76' lang='lat' dir='ltr'>secund05</span> 
     </span>
     <span class='ocr_line' id='line_1_9' title="bbox 513 1070 1825 1119; baseline 0 -10"><span class='ocrx_word' id='word_1_39' title='bbox 513 1071 725 1109; x_wconf 87' lang='lat' dir='ltr'>obiciendo</span> <span class='ocrx_word' id='word_1_40' title='bbox 770 1070 981 1118; x_wconf 88' lang='lat' dir='ltr'>tripliciter</span> <span class='ocrx_word' id='word_1_41' title='bbox 1024 1072 1134 1119; x_wconf 87' lang='lat' dir='ltr'>quod</span> <span class='ocrx_word' id='word_1_42' title='bbox 1177 1084 1257 1107; x_wconf 93' lang='lat' dir='ltr'>non</span> <span class='ocrx_word' id='word_1_43' title='bbox 1302 1071 1351 1107; x_wconf 89' lang='lat' dir='ltr'>sit</span> <span class='ocrx_word' id='word_1_44' title='bbox 1395 1071 1548 1108; x_wconf 87' lang='lat' dir='ltr'>licitum</span> <span class='ocrx_word' id='word_1_45' title='bbox 1583 1071 1825 1119; x_wconf 86' lang='lat' dir='ltr'>mendicare,</span> 
     </span>
     <span class='ocr_line' id='line_1_10' title="bbox 514 1128 1828 1178; baseline 0 -12"><span class='ocrx_word' id='word_1_46' title='bbox 514 1130 701 1178; x_wconf 84' lang='lat' dir='ltr'>ponendo</span> <span class='ocrx_word' id='word_1_47' title='bbox 741 1128 837 1176; x_wconf 90' lang='lat' dir='ltr'>quid</span> <span class='ocrx_word' id='word_1_48' title='bbox 874 1128 1048 1165; x_wconf 87' lang='lat' dir='ltr'>nominis</span> <span class='ocrx_word' id='word_1_49' title='bbox 1086 1128 1351 1165; x_wconf 87' lang='lat' dir='ltr'>terminorum</span> <span class='ocrx_word' id='word_1_50' title='bbox 1385 1129 1503 1166; x_wconf 88' lang='lat' dir='ltr'>servit</span> <span class='ocrx_word' id='word_1_51' title='bbox 1535 1129 1729 1167; x_wconf 88' lang='lat' dir='ltr'>obiectus.</span> <span class='ocrx_word' id='word_1_52' title='bbox 1779 1131 1828 1166; x_wconf 87' lang='lat' dir='ltr'>Et</span> 
     </span>
     <span class='ocr_line' id='line_1_11' title="bbox 515 1186 1829 1235; baseline 0 -11"><span class='ocrx_word' id='word_1_53' title='bbox 515 1188 637 1225; x_wconf 85' lang='lat' dir='ltr'>tercio</span> <span class='ocrx_word' id='word_1_54' title='bbox 669 1195 882 1235; x_wconf 84' lang='lat' dir='ltr'>postquam</span> <span class='ocrx_word' id='word_1_55' title='bbox 918 1186 1136 1223; x_wconf 83' lang='lat' dir='ltr'>declaravit</span> <span class='ocrx_word' id='word_1_56' title='bbox 1167 1188 1274 1235; x_wconf 88' lang='lat' dir='ltr'>quod</span> <span class='ocrx_word' id='word_1_57' title='bbox 1308 1186 1488 1224; x_wconf 88' lang='lat' dir='ltr'>Christus</span> <span class='ocrx_word' id='word_1_58' title='bbox 1521 1187 1761 1225; x_wconf 82' lang='lat' dir='ltr'>mendicavit</span> <span class='ocrx_word' id='word_1_59' title='bbox 1793 1196 1829 1224; x_wconf 86' lang='lat' dir='ltr'>et</span> 
     </span>
     <span class='ocr_line' id='line_1_12' title="bbox 516 1243 1829 1293; baseline 0 -12"><span class='ocrx_word' id='word_1_60' title='bbox 516 1258 586 1293; x_wconf 88' lang='lat' dir='ltr'>per</span> <span class='ocrx_word' id='word_1_61' title='bbox 619 1256 866 1292; x_wconf 89' lang='lat' dir='ltr'>consequens</span> <span class='ocrx_word' id='word_1_62' title='bbox 900 1245 1009 1292; x_wconf 88' lang='lat' dir='ltr'>quod</span> <span class='ocrx_word' id='word_1_63' title='bbox 1032 1243 1237 1281; x_wconf 78' lang='lat' dir='ltr'>Fratribus</span> <span class='ocrx_word' id='word_1_64' title='bbox 1269 1244 1361 1282; x_wconf 91' lang='lat' dir='ltr'>licet</span> <span class='ocrx_word' id='word_1_65' title='bbox 1393 1247 1445 1282; x_wconf 86' lang='lat' dir='ltr'>sic</span> <span class='ocrx_word' id='word_1_66' title='bbox 1478 1246 1621 1289; x_wconf 84' lang='lat' dir='ltr'>facere,</span> <span class='ocrx_word' id='word_1_67' title='bbox 1653 1245 1829 1282; x_wconf 88' lang='lat' dir='ltr'>ostendit</span> 
     </span>
     <span class='ocr_line' id='line_1_13' title="bbox 516 1301 1887 1352; baseline 0.001 -13"><span class='ocrx_word' id='word_1_68' title='bbox 516 1315 593 1352; x_wconf 87' lang='lat' dir='ltr'>que</span> <span class='ocrx_word' id='word_1_69' title='bbox 617 1301 867 1339; x_wconf 87' lang='lat' dir='ltr'>mendicacio</span> <span class='ocrx_word' id='word_1_70' title='bbox 890 1302 939 1338; x_wconf 89' lang='lat' dir='ltr'>sit</span> <span class='ocrx_word' id='word_1_71' title='bbox 962 1301 1205 1338; x_wconf 85' lang='lat' dir='ltr'>detestabilis</span> <span class='ocrx_word' id='word_1_72' title='bbox 1229 1311 1309 1339; x_wconf 88' lang='lat' dir='ltr'>tam</span> <span class='ocrx_word' id='word_1_73' title='bbox 1333 1303 1373 1339; x_wconf 91' lang='lat' dir='ltr'>in</span> <span class='ocrx_word' id='word_1_74' title='bbox 1388 1303 1689 1351; x_wconf 88' lang='lat' dir='ltr'>possessionatis</span> <span class='ocrx_word' id='word_1_75' title='bbox 1708 1315 1825 1352; x_wconf 85' lang='lat' dir='ltr'>quam</span> <span class='ocrx_word' id='word_1_76' title='bbox 1851 1321 1887 1342; x_wconf 76' lang='grc' dir='ltr'>ιο</span> 
     </span>
     <span class='ocr_line' id='line_1_14' title="bbox 517 1359 804 1399; baseline -0.01 -2"><span class='ocrx_word' id='word_1_77' title='bbox 517 1362 557 1397; x_wconf 91' lang='lat' dir='ltr'>in</span> <span class='ocrx_word' id='word_1_78' title='bbox 590 1359 804 1399; x_wconf 82' lang='lat' dir='ltr'>Fratribus,</span> 
     </span>
    </p>

    <p class='ocr_par' dir='ltr' id='par_1_5' title="bbox 518 1416 1889 1871">
     <span class='ocr_line' id='line_1_15' title="bbox 577 1416 1830 1467; baseline 0.002 -14"><span class='ocrx_word' id='word_1_79' title='bbox 577 1418 806 1466; x_wconf 82' lang='lat' dir='ltr'>Capitulum</span> <span class='ocrx_word' id='word_1_80' title='bbox 840 1418 1058 1454; x_wconf 88' lang='lat' dir='ltr'>secundum</span> <span class='ocrx_word' id='word_1_81' title='bbox 1093 1416 1216 1456; x_wconf 89' lang='lat' dir='ltr'>obicit</span> <span class='ocrx_word' id='word_1_82' title='bbox 1248 1417 1460 1466; x_wconf 87' lang='lat' dir='ltr'>tripliciter</span> <span class='ocrx_word' id='word_1_83' title='bbox 1485 1420 1591 1467; x_wconf 89' lang='lat' dir='ltr'>quod</span> <span class='ocrx_word' id='word_1_84' title='bbox 1626 1432 1706 1455; x_wconf 89' lang='lat' dir='ltr'>non</span> <span class='ocrx_word' id='word_1_85' title='bbox 1740 1419 1830 1456; x_wconf 88' lang='lat' dir='ltr'>licet</span> 
     </span>
     <span class='ocr_line' id='line_1_16' title="bbox 518 1474 1831 1524; baseline 0.001 -11"><span class='ocrx_word' id='word_1_86' title='bbox 518 1488 639 1524; x_wconf 87' lang='lat' dir='ltr'>supra</span> <span class='ocrx_word' id='word_1_87' title='bbox 662 1475 892 1523; x_wconf 88' lang='lat' dir='ltr'>religionem</span> <span class='ocrx_word' id='word_1_88' title='bbox 910 1474 1054 1512; x_wconf 85' lang='lat' dir='ltr'>Christi</span> <span class='ocrx_word' id='word_1_89' title='bbox 1072 1475 1113 1511; x_wconf 86' lang='lat' dir='ltr'>in</span> <span class='ocrx_word' id='word_1_90' title='bbox 1136 1477 1331 1524; x_wconf 85' lang='lat' dir='ltr'>scriptura</span> <span class='ocrx_word' id='word_1_91' title='bbox 1352 1488 1466 1513; x_wconf 88' lang='lat' dir='ltr'>sacra</span> <span class='ocrx_word' id='word_1_92' title='bbox 1484 1476 1669 1514; x_wconf 88' lang='lat' dir='ltr'>traditam</span> <span class='ocrx_word' id='word_1_93' title='bbox 1687 1489 1831 1514; x_wconf 86' lang='lat' dir='ltr'>novam</span> 
     </span>
     <span class='ocr_line' id='line_1_17' title="bbox 519 1533 1833 1584; baseline 0.001 -13"><span class='ocrx_word' id='word_1_94' title='bbox 519 1534 786 1581; x_wconf 86' lang='lat' dir='ltr'>superaddere</span> <span class='ocrx_word' id='word_1_95' title='bbox 832 1541 869 1569; x_wconf 89' lang='lat' dir='ltr'>et</span> <span class='ocrx_word' id='word_1_96' title='bbox 907 1535 1219 1570; x_wconf 87' lang='lat' dir='ltr'>commentando</span> <span class='ocrx_word' id='word_1_97' title='bbox 1259 1533 1469 1581; x_wconf 84' lang='lat' dir='ltr'>religiones</span> <span class='ocrx_word' id='word_1_98' title='bbox 1508 1535 1682 1583; x_wconf 87' lang='lat' dir='ltr'>privatas</span> <span class='ocrx_word' id='word_1_99' title='bbox 1721 1534 1833 1584; x_wconf 86' lang='lat' dir='ltr'>ponit</span> 
     </span>
     <span class='ocr_line' id='line_1_18' title="bbox 518 1590 1889 1631; baseline 0.001 -3"><span class='ocrx_word' id='word_1_100' title='bbox 518 1601 597 1629; x_wconf 88' lang='lat' dir='ltr'>tres</span> <span class='ocrx_word' id='word_1_101' title='bbox 649 1590 942 1629; x_wconf 85' lang='lat' dir='ltr'>conclusiones:</span> <span class='ocrx_word' id='word_1_102' title='bbox 1003 1591 1157 1628; x_wconf 83' lang='lat' dir='ltr'>Prima:</span> <span class='ocrx_word' id='word_1_103' title='bbox 1212 1591 1287 1628; x_wconf 86' lang='lat' dir='ltr'>nisi</span> <span class='ocrx_word' id='word_1_104' title='bbox 1336 1591 1473 1629; x_wconf 89' lang='lat' dir='ltr'>fuisset</span> <span class='ocrx_word' id='word_1_105' title='bbox 1522 1592 1832 1630; x_wconf 87' lang='lat' dir='ltr'>christianorum</span> <span class='ocrx_word' id='word_1_106' title='bbox 1853 1598 1889 1631; x_wconf 86' lang='lat'>15</span> 
     </span>
     <span class='ocr_line' id='line_1_19' title="bbox 521 1648 1832 1698; baseline 0.001 -12"><span class='ocrx_word' id='word_1_107' title='bbox 521 1649 687 1694; x_wconf 85' lang='lat' dir='ltr'>desidia,</span> <span class='ocrx_word' id='word_1_108' title='bbox 739 1661 820 1685; x_wconf 90' lang='lat' dir='ltr'>non</span> <span class='ocrx_word' id='word_1_109' title='bbox 871 1648 1114 1697; x_wconf 84' lang='lat' dir='ltr'>oportuisset</span> <span class='ocrx_word' id='word_1_110' title='bbox 1165 1658 1292 1686; x_wconf 88' lang='lat' dir='ltr'>sectas</span> <span class='ocrx_word' id='word_1_111' title='bbox 1343 1649 1591 1698; x_wconf 88' lang='lat' dir='ltr'>privatorum</span> <span class='ocrx_word' id='word_1_112' title='bbox 1644 1650 1832 1689; x_wconf 88' lang='lat' dir='ltr'>ordinum</span> 
     </span>
     <span class='ocr_line' id='line_1_20' title="bbox 520 1706 1834 1757; baseline 0.002 -14"><span class='ocrx_word' id='word_1_113' title='bbox 520 1706 741 1753; x_wconf 87' lang='lat' dir='ltr'>introduci;</span> <span class='ocrx_word' id='word_1_114' title='bbox 782 1708 954 1744; x_wconf 89' lang='lat' dir='ltr'>secunda</span> <span class='ocrx_word' id='word_1_115' title='bbox 995 1707 1218 1744; x_wconf 84' lang='lat' dir='ltr'>conclusio:</span> <span class='ocrx_word' id='word_1_116' title='bbox 1258 1708 1362 1744; x_wconf 90' lang='lat' dir='ltr'>Nulli</span> <span class='ocrx_word' id='word_1_117' title='bbox 1394 1707 1537 1756; x_wconf 89' lang='lat' dir='ltr'>privati</span> <span class='ocrx_word' id='word_1_118' title='bbox 1572 1708 1669 1745; x_wconf 88' lang='lat' dir='ltr'>ritus</span> <span class='ocrx_word' id='word_1_119' title='bbox 1703 1717 1834 1757; x_wconf 88' lang='lat' dir='ltr'>preter</span> 
     </span>
     <span class='ocr_line' id='line_1_21' title="bbox 521 1763 1835 1814; baseline 0.002 -13"><span class='ocrx_word' id='word_1_120' title='bbox 521 1766 607 1802; x_wconf 89' lang='lat' dir='ltr'>illos</span> <span class='ocrx_word' id='word_1_121' title='bbox 653 1764 720 1812; x_wconf 89' lang='lat' dir='ltr'>qui</span> <span class='ocrx_word' id='word_1_122' title='bbox 764 1763 806 1800; x_wconf 83' lang='lat' dir='ltr'>in</span> <span class='ocrx_word' id='word_1_123' title='bbox 851 1765 1055 1813; x_wconf 87' lang='lat' dir='ltr'>evangelio</span> <span class='ocrx_word' id='word_1_124' title='bbox 1098 1766 1319 1802; x_wconf 87' lang='lat' dir='ltr'>fundantur</span> <span class='ocrx_word' id='word_1_125' title='bbox 1356 1765 1548 1814; x_wconf 86' lang='lat' dir='ltr'>implicite</span> <span class='ocrx_word' id='word_1_126' title='bbox 1588 1767 1835 1804; x_wconf 86' lang='lat' dir='ltr'>constituunt</span> 
     </span>
     <span class='ocr_line' id='line_1_22' title="bbox 522 1822 1249 1871; baseline 0.001 -12"><span class='ocrx_word' id='word_1_127' title='bbox 522 1835 669 1860; x_wconf 89' lang='lat' dir='ltr'>novum</span> <span class='ocrx_word' id='word_1_128' title='bbox 703 1822 889 1861; x_wconf 82' lang='lat' dir='ltr'>ordinem</span> <span class='ocrx_word' id='word_1_129' title='bbox 923 1823 1040 1860; x_wconf 88' lang='lat' dir='ltr'>laude</span> <span class='ocrx_word' id='word_1_130' title='bbox 1074 1822 1249 1871; x_wconf 87' lang='lat' dir='ltr'>dignum.</span> 
     </span>
    </p>

    <p class='ocr_par' dir='ltr' id='par_1_6' title="bbox 523 1880 1960 2569">
     <span class='ocr_line' id='line_1_23' title="bbox 578 1880 1894 1924; baseline 0.003 -8"><span class='ocrx_word' id='word_1_131' title='bbox 578 1880 740 1917; x_wconf 86' lang='lat' dir='ltr'>Tereia:</span> <span class='ocrx_word' id='word_1_132' title='bbox 765 1880 889 1917; x_wconf 87' lang='lat' dir='ltr'>nichil</span> <span class='ocrx_word' id='word_1_133' title='bbox 912 1890 969 1917; x_wconf 90' lang='lat' dir='ltr'>est</span> <span class='ocrx_word' id='word_1_134' title='bbox 992 1880 1207 1917; x_wconf 86' lang='lat' dir='ltr'>essenciale</span> <span class='ocrx_word' id='word_1_135' title='bbox 1231 1881 1350 1918; x_wconf 89' lang='lat' dir='ltr'>alicui</span> <span class='ocrx_word' id='word_1_136' title='bbox 1372 1882 1502 1918; x_wconf 85' lang='lat' dir='ltr'>ordini</span> <span class='ocrx_word' id='word_1_137' title='bbox 1523 1882 1598 1919; x_wconf 88' lang='lat' dir='ltr'>nisi</span> <span class='ocrx_word' id='word_1_138' title='bbox 1615 1882 1836 1920; x_wconf 87' lang='lat' dir='ltr'>declinacio</span> <span class='ocrx_word' id='word_1_139' title='bbox 1849 1896 1894 1924; x_wconf 82' lang='lat'>20</span> 
     </span>
     <span class='ocr_line' id='line_1_24' title="bbox 523 1938 1836 1989; baseline 0.002 -14"><span class='ocrx_word' id='word_1_140' title='bbox 523 1952 545 1975; x_wconf 89' lang='lat' dir='ltr'>a</span> <span class='ocrx_word' id='word_1_141' title='bbox 577 1947 743 1986; x_wconf 88' lang='lat' dir='ltr'>peccato</span> <span class='ocrx_word' id='word_1_142' title='bbox 782 1947 819 1974; x_wconf 92' lang='lat' dir='ltr'>et</span> <span class='ocrx_word' id='word_1_143' title='bbox 851 1938 1106 1975; x_wconf 86' lang='lat' dir='ltr'>conversacio</span> <span class='ocrx_word' id='word_1_144' title='bbox 1138 1938 1328 1977; x_wconf 81' lang='lat' dir='ltr'>virtuosa.</span> <span class='ocrx_word' id='word_1_145' title='bbox 1382 1941 1437 1975; x_wconf 85' lang='lat' dir='ltr'>Ex</span> <span class='ocrx_word' id='word_1_146' title='bbox 1469 1953 1547 1988; x_wconf 92' lang='lat' dir='ltr'>quo</span> <span class='ocrx_word' id='word_1_147' title='bbox 1579 1940 1711 1989; x_wconf 88' lang='lat' dir='ltr'>primo</span> <span class='ocrx_word' id='word_1_148' title='bbox 1745 1954 1836 1978; x_wconf 90' lang='lat' dir='ltr'>con-</span> 
     </span>
     <span class='ocr_line' id='line_1_25' title="bbox 524 1996 1836 2045; baseline 0.003 -13"><span class='ocrx_word' id='word_1_149' title='bbox 524 1996 648 2033; x_wconf 89' lang='lat' dir='ltr'>cludit</span> <span class='ocrx_word' id='word_1_150' title='bbox 700 1996 913 2033; x_wconf 89' lang='lat' dir='ltr'>correlarie</span> <span class='ocrx_word' id='word_1_151' title='bbox 966 1998 1074 2045; x_wconf 91' lang='lat' dir='ltr'>quod</span> <span class='ocrx_word' id='word_1_152' title='bbox 1126 1996 1256 2033; x_wconf 92' lang='lat' dir='ltr'>omnis</span> <span class='ocrx_word' id='word_1_153' title='bbox 1309 1997 1516 2045; x_wconf 87' lang='lat' dir='ltr'>religiosus</span> <span class='ocrx_word' id='word_1_154' title='bbox 1568 1998 1748 2036; x_wconf 89' lang='lat' dir='ltr'>incidens</span> <span class='ocrx_word' id='word_1_155' title='bbox 1796 1999 1836 2035; x_wconf 92' lang='lat' dir='ltr'>in</span> 
     </span>
     <span class='ocr_line' id='line_1_26' title="bbox 526 2054 1836 2105; baseline 0.002 -15"><span class='ocrx_word' id='word_1_156' title='bbox 526 2055 694 2091; x_wconf 83' lang='lat' dir='ltr'>mortale</span> <span class='ocrx_word' id='word_1_157' title='bbox 738 2063 780 2090; x_wconf 93' lang='lat' dir='ltr'>ut</span> <span class='ocrx_word' id='word_1_158' title='bbox 822 2054 878 2091; x_wconf 89' lang='lat' dir='ltr'>sic</span> <span class='ocrx_word' id='word_1_159' title='bbox 917 2063 1118 2102; x_wconf 87' lang='lat' dir='ltr'>apostatat</span> <span class='ocrx_word' id='word_1_160' title='bbox 1158 2068 1178 2091; x_wconf 88' lang='lat' dir='ltr'>a</span> <span class='ocrx_word' id='word_1_161' title='bbox 1212 2067 1283 2091; x_wconf 90' lang='lat' dir='ltr'>suo</span> <span class='ocrx_word' id='word_1_162' title='bbox 1317 2055 1474 2102; x_wconf 83' lang='lat' dir='ltr'>ordine3</span> <span class='ocrx_word' id='word_1_163' title='bbox 1519 2058 1695 2093; x_wconf 89' lang='lat' dir='ltr'>secundo</span> <span class='ocrx_word' id='word_1_164' title='bbox 1728 2058 1836 2105; x_wconf 91' lang='lat' dir='ltr'>quod</span> 
     </span>
     <span class='ocr_line' id='line_1_27' title="bbox 526 2111 1837 2164; baseline 0.003 -16"><span class='ocrx_word' id='word_1_165' title='bbox 526 2114 669 2149; x_wconf 86' lang='lat' dir='ltr'>domus</span> <span class='ocrx_word' id='word_1_166' title='bbox 715 2111 911 2159; x_wconf 82' lang='lat' dir='ltr'>religiosa,</span> <span class='ocrx_word' id='word_1_167' title='bbox 958 2114 1052 2148; x_wconf 91' lang='lat' dir='ltr'>dum</span> <span class='ocrx_word' id='word_1_168' title='bbox 1094 2121 1150 2149; x_wconf 88' lang='lat' dir='ltr'>est</span> <span class='ocrx_word' id='word_1_169' title='bbox 1189 2112 1229 2149; x_wconf 90' lang='lat' dir='ltr'>in</span> <span class='ocrx_word' id='word_1_170' title='bbox 1268 2113 1442 2157; x_wconf 85' lang='lat' dir='ltr'>mortali,</span> <span class='ocrx_word' id='word_1_171' title='bbox 1488 2113 1633 2151; x_wconf 89' lang='lat' dir='ltr'>iniuste</span> <span class='ocrx_word' id='word_1_172' title='bbox 1665 2124 1837 2164; x_wconf 87' lang='lat' dir='ltr'>occupat</span> 
     </span>
     <span class='ocr_line' id='line_1_28' title="bbox 526 2170 1894 2221; baseline 0.004 -16"><span class='ocrx_word' id='word_1_173' title='bbox 526 2170 722 2218; x_wconf 88' lang='lat' dir='ltr'>quidquid</span> <span class='ocrx_word' id='word_1_174' title='bbox 755 2171 874 2206; x_wconf 89' lang='lat' dir='ltr'>habet</span> <span class='ocrx_word' id='word_1_175' title='bbox 906 2179 943 2206; x_wconf 92' lang='lat' dir='ltr'>et</span> <span class='ocrx_word' id='word_1_176' title='bbox 975 2171 1082 2218; x_wconf 91' lang='lat' dir='ltr'>quod</span> <span class='ocrx_word' id='word_1_177' title='bbox 1115 2171 1246 2207; x_wconf 89' lang='lat' dir='ltr'>omnis</span> <span class='ocrx_word' id='word_1_178' title='bbox 1270 2180 1459 2219; x_wconf 88' lang='lat' dir='ltr'>peccator</span> <span class='ocrx_word' id='word_1_179' title='bbox 1482 2181 1524 2208; x_wconf 90' lang='lat' dir='ltr'>ut</span> <span class='ocrx_word' id='word_1_180' title='bbox 1546 2172 1602 2209; x_wconf 89' lang='lat' dir='ltr'>sic</span> <span class='ocrx_word' id='word_1_181' title='bbox 1625 2181 1836 2221; x_wconf 85' lang='lat' dir='ltr'>apostatat.</span> <span class='ocrx_word' id='word_1_182' title='bbox 1855 2177 1894 2210; x_wconf 77' lang='lat'>25</span> 
     </span>
     <span class='ocr_line' id='line_1_29' title="bbox 527 2227 1837 2279; baseline 0.002 -15"><span class='ocrx_word' id='word_1_183' title='bbox 527 2227 750 2264; x_wconf 90' lang='lat' dir='ltr'>Confirmat</span> <span class='ocrx_word' id='word_1_184' title='bbox 772 2227 993 2276; x_wconf 85' lang='lat' dir='ltr'>tripliciter.</span> <span class='ocrx_word' id='word_1_185' title='bbox 1026 2230 1166 2265; x_wconf 89' lang='lat' dir='ltr'>Tercio</span> <span class='ocrx_word' id='word_1_186' title='bbox 1189 2228 1306 2265; x_wconf 92' lang='lat' dir='ltr'>infert</span> <span class='ocrx_word' id='word_1_187' title='bbox 1329 2229 1542 2267; x_wconf 85' lang='lat' dir='ltr'>correlarie</span> <span class='ocrx_word' id='word_1_188' title='bbox 1566 2231 1674 2279; x_wconf 89' lang='lat' dir='ltr'>quod</span> <span class='ocrx_word' id='word_1_189' title='bbox 1705 2232 1837 2267; x_wconf 90' lang='lat' dir='ltr'>nullus</span> 
     </span>
     <span class='ocr_line' id='line_1_30' title="bbox 527 2285 1838 2334; baseline 0.003 -13"><span class='ocrx_word' id='word_1_190' title='bbox 527 2294 583 2322; x_wconf 88' lang='lat' dir='ltr'>est</span> <span class='ocrx_word' id='word_1_191' title='bbox 606 2285 717 2334; x_wconf 88' lang='lat' dir='ltr'>prior</span> <span class='ocrx_word' id='word_1_192' title='bbox 737 2286 797 2322; x_wconf 91' lang='lat' dir='ltr'>vel</span> <span class='ocrx_word' id='word_1_193' title='bbox 830 2286 997 2322; x_wconf 87' lang='lat' dir='ltr'>alicuius</span> <span class='ocrx_word' id='word_1_194' title='bbox 1027 2286 1231 2334; x_wconf 83' lang='lat' dir='ltr'>dignitatis</span> <span class='ocrx_word' id='word_1_195' title='bbox 1264 2286 1303 2323; x_wconf 93' lang='lat' dir='ltr'>in</span> <span class='ocrx_word' id='word_1_196' title='bbox 1335 2289 1485 2334; x_wconf 81' lang='lat' dir='ltr'>ordine,</span> <span class='ocrx_word' id='word_1_197' title='bbox 1520 2290 1613 2325; x_wconf 90' lang='lat' dir='ltr'>dum</span> <span class='ocrx_word' id='word_1_198' title='bbox 1647 2288 1765 2325; x_wconf 90' lang='lat' dir='ltr'>fuerit</span> <span class='ocrx_word' id='word_1_199' title='bbox 1797 2289 1838 2325; x_wconf 92' lang='lat' dir='ltr'>in</span> 
     </span>
     <span class='ocr_line' id='line_1_31' title="bbox 528 2343 1837 2394; baseline 0.002 -14"><span class='ocrx_word' id='word_1_200' title='bbox 528 2343 705 2389; x_wconf 87' lang='lat' dir='ltr'>mortali;</span> <span class='ocrx_word' id='word_1_201' title='bbox 752 2345 857 2392; x_wconf 91' lang='lat' dir='ltr'>quod</span> <span class='ocrx_word' id='word_1_202' title='bbox 903 2345 1046 2392; x_wconf 87' lang='lat' dir='ltr'>probat</span> <span class='ocrx_word' id='word_1_203' title='bbox 1088 2357 1159 2393; x_wconf 90' lang='lat' dir='ltr'>per</span> <span class='ocrx_word' id='word_1_204' title='bbox 1190 2346 1466 2383; x_wconf 87' lang='lat' dir='ltr'>Bernhardum</span> <span class='ocrx_word' id='word_1_205' title='bbox 1501 2355 1537 2383; x_wconf 92' lang='lat' dir='ltr'>et</span> <span class='ocrx_word' id='word_1_206' title='bbox 1569 2346 1837 2394; x_wconf 83' lang='lat' dir='ltr'>Augustinum</span> 
     </span>
     <span class='ocr_line' id='line_1_32' title="bbox 528 2401 1960 2457; baseline 0.001 -19"><span class='ocrx_word' id='word_1_207' title='bbox 528 2403 576 2439; x_wconf 92' lang='lat' dir='ltr'>de</span> <span class='ocrx_word' id='word_1_208' title='bbox 624 2403 868 2439; x_wconf 86' lang='lat' dir='ltr'>connexione</span> <span class='ocrx_word' id='word_1_209' title='bbox 911 2402 1114 2438; x_wconf 90' lang='lat' dir='ltr'>virtutum.</span> <span class='ocrx_word' id='word_1_210' title='bbox 1168 2404 1320 2448; x_wconf 84' lang='lat' dir='ltr'>Quarto</span> <span class='ocrx_word' id='word_1_211' title='bbox 1364 2404 1480 2440; x_wconf 86' lang='lat' dir='ltr'>infert</span> <span class='ocrx_word' id='word_1_212' title='bbox 1519 2406 1626 2453; x_wconf 91' lang='lat' dir='ltr'>quod</span> <span class='ocrx_word' id='word_1_213' title='bbox 1664 2405 1756 2442; x_wconf 86' lang='lat' dir='ltr'>licet</span> <span class='ocrx_word' id='word_1_214' title='bbox 1781 2401 1788 2457; x_wconf 82' lang='grc' dir='ltr'>Ι</span> <span class='ocrx_word' id='word_1_215' title='bbox 1817 2418 1839 2442; x_wconf 89' lang='lat' dir='ltr'>a</span> <span class='ocrx_word' id='word_1_216' title='bbox 1879 2405 1960 2440; x_wconf 77' lang='lat' dir='ltr'>261b</span> 
     </span>
     <span class='ocr_line' id='line_1_33' title="bbox 528 2459 1898 2512; baseline 0.002 -17"><span class='ocrx_word' id='word_1_217' title='bbox 528 2459 714 2496; x_wconf 84' lang='lat' dir='ltr'>domibus</span> <span class='ocrx_word' id='word_1_218' title='bbox 747 2459 941 2508; x_wconf 83' lang='lat' dir='ltr'>religiosis</span> <span class='ocrx_word' id='word_1_219' title='bbox 974 2469 1064 2508; x_wconf 90' lang='lat' dir='ltr'>post</span> <span class='ocrx_word' id='word_1_220' title='bbox 1095 2460 1337 2509; x_wconf 80' lang='lat' dir='ltr'>apostasiam</span> <span class='ocrx_word' id='word_1_221' title='bbox 1373 2462 1572 2509; x_wconf 83' lang='lat' dir='ltr'>cognitam</span> <span class='ocrx_word' id='word_1_222' title='bbox 1599 2471 1635 2498; x_wconf 92' lang='lat' dir='ltr'>et</span> <span class='ocrx_word' id='word_1_223' title='bbox 1656 2470 1839 2512; x_wconf 84' lang='lat' dir='ltr'>tempore</span> <span class='ocrx_word' id='word_1_224' title='bbox 1855 2467 1898 2499; x_wconf 80' lang='lat'>30</span> 
     </span>
     <span class='ocr_line' id='line_1_34' title="bbox 528 2517 1839 2569; baseline 0.003 -16"><span class='ocrx_word' id='word_1_225' title='bbox 528 2517 769 2565; x_wconf 85' lang='lat' dir='ltr'>prohibitam</span> <span class='ocrx_word' id='word_1_226' title='bbox 803 2518 1066 2555; x_wconf 89' lang='lat' dir='ltr'>incorrectam</span> <span class='ocrx_word' id='word_1_227' title='bbox 1102 2519 1257 2555; x_wconf 87' lang='lat' dir='ltr'>auferre</span> <span class='ocrx_word' id='word_1_228' title='bbox 1281 2520 1534 2567; x_wconf 76' lang='lat' dir='ltr'>temporalia,</span> <span class='ocrx_word' id='word_1_229' title='bbox 1565 2522 1672 2568; x_wconf 91' lang='lat' dir='ltr'>quod</span> <span class='ocrx_word' id='word_1_230' title='bbox 1696 2522 1839 2569; x_wconf 85' lang='lat' dir='ltr'>probat</span> 
     </span>
    </p>
   </div>
   <div class='ocr_carea' id='block_1_5' title="bbox 530 2575 1838 2671">
    <p class='ocr_par' dir='ltr' id='par_1_7' title="bbox 530 2575 1838 2671">
     <span class='ocr_line' id='line_1_35' title="bbox 530 2575 1838 2625; baseline 0.003 -14"><span class='ocrx_word' id='word_1_231' title='bbox 530 2575 727 2623; x_wconf 87' lang='lat' dir='ltr'>scriptura</span> <span class='ocrx_word' id='word_1_232' title='bbox 764 2576 978 2623; x_wconf 76' lang='lat' dir='ltr'>autentica,</span> <span class='ocrx_word' id='word_1_233' title='bbox 1025 2576 1140 2613; x_wconf 87' lang='lat' dir='ltr'>dictis</span> <span class='ocrx_word' id='word_1_234' title='bbox 1175 2578 1277 2614; x_wconf 84' lang='lat' dir='ltr'>beati</span> <span class='ocrx_word' id='word_1_235' title='bbox 1314 2578 1523 2625; x_wconf 87' lang='lat' dir='ltr'>Augustini</span> <span class='ocrx_word' id='word_1_236' title='bbox 1565 2587 1601 2614; x_wconf 89' lang='lat' dir='ltr'>et</span> <span class='ocrx_word' id='word_1_237' title='bbox 1634 2578 1838 2615; x_wconf 87' lang='lat' dir='ltr'>evidencia</span> 
     </span>
     <span class='ocr_line' id='line_1_36' title="bbox 530 2634 711 2671; baseline 0.011 -2"><span class='ocrx_word' id='word_1_238' title='bbox 530 2634 711 2671; x_wconf 58' lang='lat' dir='ltr'>naturali»</span> 
     </span>
    </p>
   </div>
   <div class='ocr_carea' id='block_1_6' title="bbox 601 2824 1752 2864">
    <p class='ocr_par' dir='ltr' id='par_1_8' title="bbox 601 2824 1752 2864">
     <span class='ocr_line' id='line_1_37' title="bbox 601 2824 1752 2864; baseline 0.003 -12"><span class='ocrx_word' id='word_1_239' title='bbox 601 2824 645 2861; x_wconf 79' lang='lat'>37.</span> <span class='ocrx_word' id='word_1_240' title='bbox 666 2826 780 2860; x_wconf 82' lang='lat' dir='ltr'>servit;</span> <span class='ocrx_word' id='word_1_241' title='bbox 799 2827 838 2853; x_wconf 84' lang='lat' dir='ltr'>ita</span> <span class='ocrx_word' id='word_1_242' title='bbox 859 2827 927 2854; x_wconf 87' lang='lat' dir='ltr'>cod.</span> <span class='ocrx_word' id='word_1_243' title='bbox 1008 2836 1045 2855; x_wconf 90' lang='lat'>12.</span> <span class='ocrx_word' id='word_1_244' title='bbox 1066 2828 1200 2863; x_wconf 85' lang='lat' dir='ltr'>triplici;</span> <span class='ocrx_word' id='word_1_245' title='bbox 1219 2828 1248 2856; x_wconf 90' lang='lat' dir='ltr'>in</span> <span class='ocrx_word' id='word_1_246' title='bbox 1270 2828 1339 2856; x_wconf 86' lang='lat' dir='ltr'>cod.</span> <span class='ocrx_word' id='word_1_247' title='bbox 1412 2836 1457 2864; x_wconf 89' lang='lat'>27.</span> <span class='ocrx_word' id='word_1_248' title='bbox 1480 2827 1573 2856; x_wconf 86' lang='lat' dir='ltr'>Cod.:</span> <span class='ocrx_word' id='word_1_249' title='bbox 1595 2831 1639 2856; x_wconf 80' lang='lat' dir='ltr'>est</span> <span class='ocrx_word' id='word_1_250' title='bbox 1659 2829 1752 2857; x_wconf 72' lang='lat' dir='ltr'>deest,</span> 
     </span>
    </p>
   </div>
  </div>
 </body>
</html>
