2050 3292
261 208 350 237 CAP.
371 198 485 255 xxv]
726 211 861 243 LIBER
886 211 1095 244 TERTIUS.

259 317 410 360 XXXV,
440 326 485 353 12
511 315 676 364 petitur:
713 316 798 352 Non
821 316 946 352 veniat
978 316 1095 352 michi
1119 328 1190 365 pes
1219 316 1405 366 superbie.
1439 317 1564 353 Gene-

260 374 396 409 raliter
428 385 521 421 ergo
554 374 768 421 loquendo,
802 373 1032 422 quicunque
1064 381 1173 410 actus
1206 387 1285 422 quo
1318 374 1405 422 quis
1435 373 1564 421 primo

261 430 520 467 criminaliter
552 431 737 467 averterit
779 443 802 467 a
833 432 937 467 bono
970 431 1293 468 incommutabili
1332 432 1382 468 ad
1415 432 1563 467 bonurn

261 488 558 532 commutabile,
604 497 660 524 est
705 488 855 536 primus
896 497 1006 525 actus
1040 501 1118 536 quo
1152 497 1290 536 peccat
1324 488 1564 532 mortaliter;

228 549 297 581 Set
329 546 460 582 omnis
492 546 580 582 talis
613 554 723 582 actus
756 554 884 593 potest
916 546 1048 582 vocari
1082 555 1193 582 actus
1231 548 1415 594 superbie
1447 554 1565 594 atque

260 602 511 652 cupiditati83
545 611 655 639 actus
688 603 886 651 superbie,
919 602 1012 651 quia
1045 603 1112 640 illo
1146 613 1236 640 actu
1268 605 1565 652 supergreditur

260 660 406 696 limites
437 669 618 697 creature
641 673 718 708 que
754 660 808 707 (in
837 670 1031 709 quantum
1066 661 1312 710 huiusmodi)
1345 663 1460 698 debet
1483 664 1566 697 Deo

142 722 222 761 234⁸
260 718 404 755 servire
438 727 528 754 ante
557 718 692 754 omnia
725 726 762 754 et
788 717 793 770 Ι
821 718 894 755 sibi
927 718 1065 765 subici,
1100 719 1272 755 finaliter
1302 732 1374 767 pro
1408 731 1448 755 se
1479 721 1565 767 ipso

260 776 299 811 in
332 788 410 823 quo
443 776 576 812 deficit
607 776 835 824 quicunque
868 776 907 812 in
941 776 1106 813 servicio
1139 777 1199 813 vel
1231 776 1445 813 affeccione
1476 789 1564 825 pre-

208 846 246 866 10
260 833 372 881 ponit
402 835 551 869 bonum
586 833 749 882 aliquod
782 842 873 870 ante
905 836 1054 880 Deum;
1101 842 1137 870 et
1168 834 1298 870 omnis
1330 834 1420 871 talis
1454 843 1565 871 actus

260 898 390 938 potest
421 890 554 927 vocari
588 890 817 927 inordinata
850 892 1059 940 cupiditas.
1093 891 1157 928 Sic
1190 891 1309 940 igitur
1337 891 1566 940 quicunque

260 956 382 991 actus,
415 960 532 997 quem
564 948 683 996 primi
716 957 898 996 parentes
931 950 1148 986 elicuerant
1180 949 1400 986 deficiendo
1434 950 1566 997 culpa-

261 1005 393 1042 biliter
437 1007 486 1042 ab
530 1005 745 1043 adhesione
776 1008 861 1043 Deo
905 1020 977 1043 suo
1019 1006 1091 1043 fuit
1134 1006 1288 1055 primus
1332 1016 1442 1044 actus
1487 1020 1566 1056 quo

260 1072 477 1111 peccarunt
510 1063 744 1102 mortaliter.
778 1065 890 1101 Patet
923 1077 966 1100 ex
999 1064 1104 1101 dicto
1137 1077 1229 1113 sepe
1260 1064 1437 1113 exposito
1461 1066 1567 1113 quod

208 1120 429 1158 15existens
452 1121 491 1157 in
513 1129 677 1169 peccato
711 1122 870 1158 mortali
903 1123 1171 1170 quodcunque
1204 1135 1292 1159 cum
1326 1124 1402 1159 hoc
1432 1123 1568 1159 fecerit

260 1187 399 1226 peccat
431 1178 664 1225 mortaliter,
700 1181 805 1228 quod
839 1188 1046 1228 peecatum
1069 1191 1140 1228 per
1161 1182 1424 1228 Augustiuum
1449 1193 1567 1227 super

259 1238 344 1274 Joh.
378 1237 535 1273 Omelia
565 1238 720 1273 XXVII:
761 1237 957 1284 Omnibus,
995 1237 1136 1286 inquit,
1177 1239 1283 1275 bonis
1315 1239 1391 1274 Dei
1426 1246 1465 1274 ut
1493 1250 1568 1287 per

260 1294 415 1344 singula
449 1307 612 1331 currere
643 1295 801 1345 longum
834 1296 895 1340 sit,
930 1296 1029 1331 male
1060 1296 1181 1331 utitur
1202 1296 1326 1332 malus
1350 1304 1384 1332 et
1414 1296 1448 1332 si
1468 1296 1569 1332 male

261 1352 381 1387 utitur
411 1352 627 1389 substancia
665 1359 772 1389 actus
809 1360 845 1389 et
876 1353 1040 1402 quolibet
1083 1354 1158 1389 alio
1202 1354 1298 1390 bono
1342 1354 1442 1402 quod
1482 1366 1567 1389 cum

205 1421 246 1442 20
261 1409 414 1445 malicia
453 1410 596 1446 morali
631 1410 819 1456 habuerit,
858 1418 946 1447 tunc
985 1411 1086 1447 male
1123 1419 1157 1447 et
1194 1411 1436 1460 culpabiliter
1462 1411 1569 1459 facit

260 1468 378 1503 eciam
418 1475 747 1517 quantumcunque
784 1469 921 1504 bonum
962 1469 1008 1504 de
1037 1480 1194 1518 genere.
1249 1472 1296 1505 Et
1340 1470 1476 1505 eadem
1512 1477 1568 1505 est

261 1525 464 1562 sentencia
486 1525 696 1574 Augustini
728 1538 846 1573 super
874 1526 1076 1562 Psalmurn
1103 1527 1255 1563 CXLVI
1287 1526 1381 1563 satis
1415 1526 1566 1572 diffuse,

260 1582 326 1618 ubi
367 1591 572 1630 postremo
611 1582 666 1619 sic
704 1583 896 1631 loquitur:
937 1584 979 1619 Si
1021 1585 1175 1619 modum
1221 1591 1359 1621 nature
1402 1584 1567 1620 debitum

260 1640 569 1677 inmoderacione
601 1641 826 1677 voracitatis
856 1641 1013 1678 excedis
1050 1649 1084 1678 et
1121 1642 1330 1678 vinolencia
1368 1650 1403 1678 te
1434 1642 1568 1693 ingur-

204 1698 376 1748 2figz'tas,
409 1698 663 1748 quantaslibet
696 1699 829 1734 laudes
861 1700 907 1735 de
938 1699 1074 1749 lingua
1106 1707 1169 1735 tua
1201 1707 1325 1745 sonat,
1360 1701 1436 1736 vita
1468 1700 1567 1736 hlas-

260 1756 405 1804 femat.
467 1757 514 1792 Et
555 1755 663 1792 racio
709 1769 779 1793 sua
825 1765 895 1803 est,
941 1757 1033 1805 quia
1076 1758 1205 1794 omnis
1248 1758 1370 1794 homo
1414 1765 1569 1794 tenetur

260 1813 425 1849 laudare
457 1816 584 1849 Deum
618 1813 659 1849 in
696 1815 872 1862 perfecta
911 1814 1074 1851 caritate
1107 1828 1128 1851 a
1161 1828 1239 1863 qua
1272 1815 1402 1852 omnis
1436 1814 1567 1851 crimi-

259 1883 380 1907 nosus
424 1870 465 1907 in
498 1879 690 1919 quantum
736 1871 824 1908 talis
868 1872 1016 1921 deficit,
1058 1872 1146 1909 ideo
1179 1882 1338 1921 oportet
1371 1873 1567 1909 defectum

260 1928 490 1965 huiusmodi
523 1941 606 1966 esse
639 1928 805 1966 crimen.

205 1987 245 2019 30
318 1988 372 2021 Ex
416 1986 500 2023 istis
545 1987 742 2034 colligitur
786 1988 893 2035 quod
938 1986 1056 2035 primi
1096 1997 1280 2035 parentes
1313 1987 1444 2036 primo
1477 2000 1567 2035 pec-

261 2052 447 2080 caverant
462 2044 573 2081 omni
591 2057 735 2092 genere
758 2053 1038 2092 peccatorum3
1062 2045 1162 2081 sicut
1180 2045 1284 2082 enirn
1303 2053 1359 2082 est
1377 2045 1569 2082 connexio

259 2096 463 2147 virtutum,
505 2101 560 2138 sic
593 2110 650 2139 est
683 2101 876 2139 connexio
909 2111 1178 2151 peccatorum.
1214 2105 1306 2140 Ideo
1337 2106 1416 2141 JaC.
1445 2105 1490 2149 II,
1522 2113 1570 2140 10

261 2158 423 2195 dicitur:
464 2159 540 2203 Qui
569 2156 806 2212 offenla'erit
843 2160 879 2196 in
912 2173 985 2197 uno
1005 2162 1144 2209 factus
1176 2169 1231 2197 est
1263 2161 1432 2198 omnium
1467 2173 1568 2196 reus.

260 2218 337 2252 Pro
371 2217 480 2253 cuius
513 2217 790 2254 declaracione
828 2230 1011 2266 suppono
1051 2221 1157 2267 quod
1189 2219 1321 2255 omnis
1353 2219 1477 2255 virtus
1510 2219 1569 2255 vel

205 2275 243 2308 35
261 2273 377 2322 culpa
420 2273 471 2311 sit
514 2274 762 2322 originaliter
806 2275 845 2311 in
889 2277 1105 2314 voluntate.
1158 2276 1341 2313 Secundo
1386 2288 1569 2324 suppono

262 2332 370 2379 quod
402 2331 479 2369 alia
511 2331 561 2368 sit
591 2333 750 2369 volucio
784 2333 946 2370 confusa
992 2343 1029 2370 et
1072 2334 1266 2381 inplicita,
1313 2334 1390 2370 alia
1435 2342 1568 2370 autem

262 2388 449 2426 distincta
482 2397 519 2426 et
552 2389 748 2438 explicita,
783 2399 820 2427 et
851 2399 961 2439 patet
993 2391 1118 2428 tercio
1151 2393 1259 2440 quod
1281 2391 1411 2427 omnis
1436 2391 1569 2427 crimi-

262 2459 382 2483 nosus
417 2455 473 2484 est
506 2449 713 2498 superbus,
748 2448 841 2496 quia
871 2449 1168 2497 supergreditur
1199 2449 1346 2486 limites
1378 2462 1470 2485 suos
1502 2461 1572 2497 per

141 2160 207 2201 234

332 2589 368 2618 15.
389 2591 481 2618 Cod.:
510 2591 686 2626 quicunque.
761 2599 800 2624 17.
823 2591 944 2619 Omelia
965 2592 1073 2619 XXVII
1099 2593 1183 2620 deest
1208 2593 1345 2620 verbum.
1418 2593 1457 2621 31.
1478 2594 1570 2621 omni.

262 2625 358 2652 Cod.:
378 2633 454 2652 cum.
474 2625 555 2652 Vide
576 2634 643 2660 pag.
664 2625 728 2660 578,
750 2626 769 2653 l.
791 2634 831 2653 10.

337 2706 385 2738 17.
411 2697 487 2728 Non
514 2703 565 2728 est
591 2697 706 2729 Omel.
731 2698 866 2740 XXVII⁷
898 2699 959 2730 sed
993 2708 1107 2741 comp.
1134 2699 1260 2732 Ennar.
1294 2700 1327 2730 in
1355 2700 1470 2731 Psalm
1496 2700 1571 2731 CIV

263 2742 355 2784 Opp.
380 2749 465 2774 tom.
493 2743 547 2783 lV,
580 2753 659 2784 pag.
681 2742 767 2785 1184
799 2750 831 2775 et
863 2745 971 2776 Serm.
998 2745 1069 2785 XV,
1103 2745 1193 2787 Opp.
1227 2751 1312 2777 tom.
1331 2746 1372 2787 V,
1405 2756 1482 2788 pag.
1516 2745 1570 2790 87⁷

264 2794 297 2819 et
321 2789 355 2819 in
383 2789 508 2820 Psalm.
537 2789 666 2823 CCCII.
764 2790 817 2822 23.
849 2791 941 2832 Opp.
966 2796 1052 2823 tom.
1079 2791 1135 2831 IV,
1162 2802 1239 2833 pag.
1265 2790 1359 2824 1638.

331 2853 374 2881 De
393 2854 483 2882 Civili
503 2854 659 2883 Dominio.
678 2855 730 2884 111.
1392 2862 1433 2903 37

1769 214 1847 253 577

1617 1995 1666 2022 All
1689 1995 1752 2022 sins
1773 2003 1822 2022 are

1637 2033 1803 2057 connected

1645 2065 1795 2099 together,
