2050 3292
192 228 273 280 638

245 643 274 669 A
294 648 365 668 man
386 640 416 667 in

222 680 391 712 purgatory
411 675 437 702 is

251 710 358 749 helped
379 711 410 738 in

210 750 393 781 proportiou
414 750 445 772 to

222 781 269 808 his
290 780 378 808 merit
399 788 438 807 on

284 816 379 842 earth.

200 2208 246 2235 He
273 2207 344 2235 who
368 2207 472 2234 would

223 2243 292 2282 help
312 2247 393 2270 must
414 2243 449 2269 be

262 2287 292 2305 in
313 2286 412 2313 grace.

908 237 967 268 DE
995 236 1131 268 cwiLt
1157 236 1368 267 Douiuio.
1549 220 1657 278 [CAP.
1673 232 1795 260 xxvii.

480 343 612 391 gracie
634 343 675 379 in
698 355 777 391 quo
801 342 881 378 vita
904 342 977 378 ista
1002 341 1156 387 finitur,
1191 341 1297 377 beati
1331 340 1451 390 enim,
1483 340 1578 377 licet
1612 340 1798 377 dicantur

482 400 625 437 mereri
658 400 733 437 sibi
766 399 968 448 premium
1002 399 1251 436 accidentale
1283 411 1409 447 usque
1443 398 1492 435 ad
1515 398 1620 435 diem
1644 397 1795 444 iudicii,

481 459 583 495 sicut
628 467 832 494 merentur
882 457 1010 508 nobis,
1063 466 1199 494 tamen
1243 457 1297 493 illi
1340 470 1422 493 non
1469 465 1673 493 merentur
1723 455 1798 492 sibi

480 516 681 565 premium
723 515 952 562 essencia]e‚
998 516 1067 551 sed
1100 524 1227 552 toturn
1262 523 1420 551 taxatur
1452 527 1572 563 penes
1609 514 1796 551 meritum

480 574 545 611 hic
578 574 619 611 in
651 575 726 613 via.
1816 578 1832 610 5

538 634 593 668 Ex
637 644 717 680 quo
762 631 944 680 sequitur
987 632 1097 680 quod
1141 630 1382 678 suffragatur
1426 629 1581 666 homini
1626 629 1669 666 in
1707 642 1799 677 pur-

481 689 637 737 gatorio
660 689 1025 738 proporcionaliter
1048 697 1091 725 ut
1115 688 1260 725 meruit
1283 688 1347 725 hic
1370 688 1408 725 in
1431 688 1507 735 via,
1542 688 1635 736 quia
1668 688 1797 724 solum

482 748 546 784 hic
579 756 636 784 est
667 748 779 784 locus
804 747 985 784 merendi
1009 759 1053 783 ex
1076 747 1335 783 conclusione
1358 746 1560 794 proxima3
1594 745 1800 794 loquimur

482 805 588 842 enirn
623 807 670 842 de
704 805 848 842 merito
881 805 1045 853 proprio
1078 805 1187 853 quod
1221 813 1277 841 est
1306 804 1431 841 libera
1459 804 1520 840 sui
1544 803 1799 852 dignificacio

481 865 531 900 ad
564 863 869 902 beatitudinem.
903 864 1018 900 Unde
1050 864 1189 899 beatus
1213 862 1428 910 Gregorius
1451 863 1500 898 IV
1528 862 1799 910 Dyalogorum
1821 877 1859 898 10

480 923 568 957 XLI
612 922 817 970 loquendo
861 922 909 957 de
954 921 1189 969 purgatorio
1234 920 1290 957 sic
1336 920 1496 957 effatur:
1543 920 1631 956 Hoc
1674 927 1800 955 tamen

481 980 677 1016 sciendum
712 987 768 1016 est
799 980 901 1028 quod
933 979 1011 1015 illic
1042 980 1181 1015 saltem
1216 979 1264 1014 de
1296 979 1464 1015 minimis
1497 978 1615 1014 nichil
1645 978 1803 1027 quisque

477 1038 736 1088 purgacionis
779 1037 959 1075 obtinebit
1002 1037 1076 1073 nisi
1118 1037 1225 1073 bonis
1267 1038 1339 1073 hoc
1370 1037 1518 1073 actibus
1550 1036 1585 1071 in
1619 1036 1691 1072 hac
1723 1035 1801 1071 vita

482 1097 609 1132 adhuc
645 1096 809 1145 positus,
855 1103 895 1131 ut
939 1095 1017 1131 illic
1049 1095 1227 1141 obtineat,
1273 1102 1481 1133 mereatur.
1536 1096 1585 1130 Et
1624 1093 1801 1142 capitulo

484 1153 614 1190 finali:
661 1154 882 1200 Sciendum,
930 1152 1072 1201 inquit⁷
1119 1161 1174 1189 est
1224 1153 1326 1200 quod
1369 1153 1445 1189 illis
1494 1165 1606 1188 sacre
1650 1151 1859 1188 victime15

477 1219 659 1261 prosunt,
703 1212 767 1260 qui
809 1212 880 1247 hoc
924 1211 1085 1247 vivendo
1119 1211 1365 1247 obtinuerunt
1396 1211 1515 1247 eciam
1551 1217 1591 1246 ut
1623 1222 1686 1246 eos
1712 1216 1803 1259 post

483 1277 648 1306 mortem
681 1270 779 1306 bona
811 1269 1007 1315 adiuvent,
1051 1281 1121 1317 que
1151 1269 1212 1305 hic
1238 1280 1315 1317 pro
1355 1269 1447 1318 ipsis
1480 1269 1526 1304 ab
1559 1268 1645 1304 aliis
1677 1268 1804 1318 fiunt,-

484 1337 521 1364 et
553 1329 693 1364 beatus
725 1327 972 1376 Augustinus
1006 1326 1270 1378 Enchiridion
1299 1327 1382 1363 CX:
1416 1327 1549 1375 Neque
1581 1327 1802 1377 negandum

483 1393 539 1422 est
561 1387 834 1434 defunctorum
869 1385 1021 1421 animas
1047 1385 1191 1434 pietate
1224 1385 1418 1421 sociorum
1458 1384 1669 1420 vivencium
1705 1384 1802 1421 rele-

484 1444 582 1490 vari,
628 1456 712 1480 cum
752 1456 827 1493 pro
872 1444 950 1479 illis
992 1440 1228 1493 sacrificium
1276 1442 1504 1479 mediatoris
1546 1443 1711 1491 offertur
1744 1442 1862 1478 velzo

484 1502 687 1538 elemosine
719 1502 754 1537 in
787 1502 946 1538 ecclesia
967 1501 1085 1551 fiunt,
1124 1501 1194 1537 sed
1225 1500 1277 1537 eis
1310 1502 1378 1537 hec
1404 1508 1571 1550 prosunt
1603 1500 1678 1549 qui,
1718 1512 1802 1536 cum

485 1560 669 1606 viverent,
715 1560 784 1596 hec
815 1560 888 1596 sibi
918 1566 958 1595 ut
998 1566 1133 1608 postea
1160 1566 1318 1608 possent
1345 1560 1534 1608 prodesse
1565 1565 1804 1596 meruerunt.

485 1619 532 1653 Et
564 1626 674 1666 patet
706 1629 751 1654 ex
783 1617 945 1654 racione
979 1617 1110 1654 divine
1143 1616 1313 1661 iusticie,
1349 1619 1454 1653 Deus
1488 1616 1593 1653 enirn
1634 1629 1715 1653 non
1747 1624 1806 1652 est

485 1688 750 1724 personarum
805 1684 1007 1724 acceptor,
1067 1675 1136 1711 sed
1193 1687 1527 1724 unumquemque
1585 1675 1805 1711 secundum

486 1733 720 1781 dignitatem
769 1733 900 1770 meriti
944 1732 1130 1782 premiat,
1179 1732 1336 1780 mitigat
1380 1733 1460 1770 sive
1499 1732 1628 1781 punit.
1680 1732 1806 1768 Aliter
1823 1735 1862 1767 25

487 1792 592 1828 enim
633 1793 776 1829 falsum
817 1792 967 1829 diceret
1005 1791 1224 1840 Apostolus
1263 1792 1307 1829 ΙΙ.
1343 1791 1432 1829 Cor.
1461 1793 1507 1837 V,
1543 1802 1610 1829 10:
1651 1790 1806 1837 Omnes,

486 1850 629 1898 inquit,
674 1863 743 1887 nos
776 1850 1024 1899 manifestari
1061 1856 1213 1899 oportet
1244 1856 1332 1885 ante
1364 1849 1537 1885 tribunal
1573 1849 1734 1896 Christi,
1769 1856 1807 1884 ut

486 1908 647 1957 accipiat
680 1908 934 1957 unusquisque
960 1908 1127 1957 propria
1157 1904 1161 1960 Ι
1191 1907 1381 1956 corporis,
1417 1915 1540 1957 prout
1575 1907 1698 1957 gessit
1728 1907 1808 1943 sive
1847 1908 1929 1942 258b

486 1967 624 2002 bonum
657 1967 737 2003 sive
769 1967 926 2006 malum.
978 1968 1032 2002 Ex
1065 1978 1145 2014 quo
1179 1973 1299 2013 patet,
1334 1967 1443 2014 quod
1476 1973 1636 2013 oportet
1667 1977 1806 2013 quem-

488 2036 646 2073 cunque
678 2024 719 2060 in
743 2024 876 2072 gracia
900 2023 971 2060 Dei
1005 2023 1168 2060 racione
1202 2023 1335 2059 meriti
1368 2023 1429 2059 sui
1462 2023 1679 2070 confidere,
1715 2035 1804 2059 cum
1824 2027 1866 2059 30

486 2094 607 2119 nemo
645 2091 778 2131 potest
818 2082 962 2119 mereri
1002 2081 1117 2118 alteri
1157 2081 1234 2117 nisi
1275 2081 1444 2118 merenti
1483 2090 1526 2117 ut
1559 2081 1635 2118 sibi
1674 2081 1808 2118 taliter

489 2149 705 2178 mereatur.

548 2199 753 2244 Quantum
800 2199 849 2235 ad
896 2200 1116 2235 secundum
1151 2199 1260 2246 quod
1294 2206 1351 2234 est
1384 2197 1572 2234 merentis
1606 2196 1808 2243 habilitas,
1850 2200 1875 2231 L

489 2264 597 2304 patet
641 2258 749 2305 quod
795 2257 964 2293 multum
1010 2258 1173 2305 prodest
1219 2264 1438 2292 merentem
1474 2268 1557 2292 esse
1589 2255 1630 2291 in
1660 2255 1809 2303 gracia,

489 2327 583 2351 nam
617 2323 714 2351 tunc
747 2316 939 2351 merendo
973 2314 1046 2351 sibi
1079 2314 1153 2362 ipsi
1183 2313 1406 2361 amplificat
1430 2314 1618 2350 meritum
1644 2312 1809 2350 ecclesie
1827 2315 1865 2348 35

492 2372 702 2409 militantis
737 2381 774 2409 et
806 2385 877 2421 per
910 2383 1161 2421 consequens
1195 2373 1500 2420 purgandorum
1526 2371 1727 2408 meritum.
1762 2373 1810 2407 Et

490 2430 596 2477 hinc,
630 2440 673 2467 ut
704 2432 892 2467 sacerdos
922 2439 1061 2467 caveat
1092 2439 1259 2478 peccata
1283 2429 1459 2477 caucius,
1493 2430 1705 2466 ordinatur
1737 2441 1809 2477 pro

491 2489 577 2536 lege
622 2489 730 2537 quod
773 2489 884 2537 plebs
918 2490 1144 2537 obsequens
1179 2488 1392 2525 dominicis
1425 2487 1624 2536 preceptis
1663 2500 1685 2523 a
1718 2498 1809 2534 pec-

563 2670 602 2699 18.
625 2671 721 2698 Cod.:
743 2679 809 2706 cap.
831 2678 862 2707 9.
884 2671 1024 2699 Cori-exi.
1098 2679 1145 2698 20.
1167 2671 1261 2699 Cod.:
1285 2669 1432 2706 offerunt.

569 2766 618 2786 10.
652 2755 730 2786 Non
768 2765 842 2797 cap.
880 2756 955 2786 XLI
994 2756 1055 2786 sed
1099 2755 1238 2786 XXXIX
1278 2755 1370 2797 Opp.
1414 2761 1488 2785 tom
1528 2753 1567 2793 11,
1614 2763 1692 2794 pag.
1731 2762 1810 2794 444.

495 2801 549 2879 {Is}
577 2801 823 2889 gggffifflssvm
852 2801 944 2844 Opp.
978 2801 999 2832 l.
1033 2812 1060 2833 c.
1095 2812 1126 2843 p.
1153 2809 1232 2842 472.
1334 2800 1382 2832 18.
1410 2802 1457 2832 St.
1486 2801 1573 2841 Aug.
1607 2799 1698 2841 Opp.
1725 2805 1812 2831 torn.

544 2872 551 2887 ,
649 2874 654 2880 .
710 2876 719 2880 ,
755 2872 762 2879 .
