2050 3292
227 249 308 288 534

264 1119 322 1148 We
344 1120 453 1148 should

267 1160 319 1183 not
339 1156 417 1191 obey
439 1164 453 1182 a

238 1191 352 1225 prelate
372 1195 479 1225 except

247 1234 281 1251 so
302 1226 348 1252 far
368 1233 402 1251 as
424 1226 471 1252 his

268 1260 452 1287 commands

266 1302 354 1329 agree
374 1295 446 1322 with

292 1329 431 1357 Christ's.

943 247 1002 278 DE
1031 245 1166 278 c1V1L1
1193 245 1404 278 DoMiNlo.
1583 233 1694 288 [CAP.
1715 241 1825 272 xxiv.

514 361 684 400 patrem,
719 352 813 401 quia
835 364 918 389 non
941 352 1127 389 obeditur
1148 351 1218 389 tali
1241 360 1284 388 ut
1308 351 1462 388 homini
1486 353 1554 388 sed
1576 360 1620 388 ut
1643 351 1827 389 ministro

514 410 586 447 Dei
621 410 683 446 cui
717 409 995 458 principaliter
1027 409 1224 447 obeditur.
1259 411 1351 446 Ideo
1384 422 1503 446 nemo
1527 410 1642 446 debet
1664 409 1828 446 obedire

513 467 666 504 homini
710 468 750 503 in
795 467 932 516 aliquo
977 469 1086 516 quod
1118 467 1253 504 obviat
1299 466 1434 504 divino
1475 469 1666 504 mandato
1699 467 1825 504 eciam

515 524 696 570 minimo,
731 527 839 573 quod
871 534 1039 562 vocatur
1072 538 1093 562 a
1126 527 1243 562 beato
1271 525 1506 562 Bernhardo
1538 525 1707 561 divinum
1740 538 1828 561 con-

511 583 653 628 silium,
700 596 789 620 cum
835 585 921 619 Act.
950 585 996 629 V,
1037 595 1089 632 29
1134 583 1230 619 dicit
1269 585 1426 620 Petrus:
1467 583 1635 619 Obedire
1676 585 1860 633 oportet5

513 641 643 692 magis
686 642 771 677 Deo
824 653 937 689 quam
990 641 1215 680 hominibus.
1269 641 1383 677 Unde
1435 640 1538 677 sicut
1581 640 1828 690 precipimur

512 698 676 735 obedire
719 698 933 747 prepositis
966 697 1008 735 in
1040 698 1158 735 licitis
1192 708 1229 735 et
1262 698 1453 743 honestis,
1493 698 1548 735 ita
1581 698 1827 747 precipimur

513 755 554 792 in
586 756 687 793 facie
719 756 775 793 eis
809 756 1004 802 resistere,
1039 758 1203 805 quando
1219 757 1427 793 ambulant
1456 755 1658 793 contrarie
1682 756 1826 793 divinis

513 813 704 861 consiliis,
745 827 834 850 cum
869 815 1016 851 Paulus
1057 814 1283 862 precipiens
1317 816 1425 863 quod
1464 814 1584 850 simus
1616 814 1829 850 imitatores

512 872 588 908 Dei
622 872 683 908 sui
721 874 745 911 Ι.
777 873 867 908 Cor.
903 872 1010 917 XI,1
1062 881 1226 920 propter
1270 873 1395 909 levem
1443 872 1603 920 culpam
1649 872 1684 908 in
1717 872 1883 921 faciem

512 929 656 966 resistit
678 931 808 974 Petro,
833 938 875 965 ut
900 929 1047 966 dicitur
1071 931 1153 967 Gal.
1180 932 1225 976 ΙΙ,
1248 942 1307 967 11.
1333 929 1459 978 Magis
1486 938 1617 967 autem
1643 939 1829 966 tenemur

511 987 675 1024 obedire
720 987 843 1024 Paulo
890 996 926 1023 et
969 983 1229 1040 cuicunque}
1266 988 1420 1024 auctori
1465 987 1661 1035 scripture
1706 1000 1825 1036 quam
1868 993 1949 1032 217⁸

510 1044 570 1081 isti
602 1047 785 1082 Romano
824 1044 1007 1093 pontifici
1052 1045 1092 1081 in
1136 1045 1324 1094 operibus
1372 1045 1514 1082 mediis
1551 1045 1631 1082 sive
1664 1045 1827 1084 neutris.

511 1103 610 1139 Cum
659 1115 750 1151 ergo
794 1116 876 1140 non
908 1112 1091 1140 tenemur
1137 1103 1248 1152 sequi
1281 1116 1563 1151 quemcunque
1596 1104 1825 1151 apostolum

510 1160 585 1197 nisi
618 1162 666 1197 de
699 1170 852 1209 quanto
886 1160 971 1209 ipse
1003 1161 1184 1210 sequitur
1216 1161 1425 1198 dominum
1449 1163 1583 1198 Jesurn
1607 1161 1824 1207 Christum,
1846 1164 1883 1196 15

511 1217 613 1255 sicut
658 1227 768 1266 patet
813 1231 854 1255 ex
899 1218 1147 1256 limitacione
1185 1219 1381 1268 Apostoli,
1427 1227 1537 1267 patet
1581 1220 1690 1267 quod
1728 1218 1826 1255 nulli

512 1277 667 1324 prelato
700 1285 790 1325 post
824 1285 984 1314 sanctos
1017 1278 1217 1325 apostolos
1251 1286 1435 1314 tenemur
1473 1276 1638 1313 obedire
1670 1276 1746 1313 nisi
1779 1277 1826 1313 de

512 1343 664 1382 quanto
696 1333 867 1382 precipit
895 1344 963 1371 aut
987 1335 1159 1380 consulit
1183 1335 1329 1372 Christi
1352 1334 1518 1371 consilia
1540 1335 1601 1371 vel
1625 1336 1826 1373 mandata.

510 1393 605 1429 Ideo
639 1400 800 1429 sanctus
832 1393 1049 1440 Apostolus
1083 1395 1107 1431 I.
1134 1395 1224 1430 Cor.
1252 1395 1300 1429 IV
1325 1402 1361 1429 et
1392 1394 1453 1440 XI,
1483 1405 1495 1430 1
1534 1393 1697 1441 quando
1731 1405 1826 1429 con-

509 1449 603 1486 sulit
647 1459 690 1486 ut
732 1451 807 1486 sint
851 1451 1065 1487 imitatores
1096 1451 1157 1487 sui
1186 1451 1321 1487 statim
1355 1449 1523 1487 innectit
1560 1451 1733 1487 formam
1767 1463 1825 1488 se·
1841 1462 1882 1484 20

509 1508 672 1556 quendi,
719 1520 808 1544 cum
855 1507 992 1545 infert:
1040 1509 1157 1555 Sicut,
1201 1508 1345 1557 inquit,
1385 1520 1461 1559 ego
1499 1508 1666 1553 Christi,·
1711 1507 1827 1545 aliter

511 1565 617 1602 enim
661 1565 745 1602 ovis
792 1578 883 1602 cece
928 1574 1033 1602 errat
1077 1579 1121 1602 ex
1165 1565 1279 1603 devio
1313 1564 1484 1614 pastoris
1517 1578 1557 1602 se
1589 1567 1706 1602 stulte
1738 1578 1827 1614 pre-

508 1623 690 1672 cipitans,
735 1632 779 1659 ut
824 1632 933 1671 patet
967 1624 1145 1672 capitulo
1179 1627 1227 1660 III
1262 1624 1379 1660 huius
1402 1625 1448 1661 V.
1504 1625 1651 1661 Probat
1690 1632 1824 1661 autem

507 1682 647 1718 beatus
710 1682 966 1718 Bernhardus
1028 1683 1136 1730 quod
1196 1695 1314 1730 grave
1374 1681 1566 1718 delictum
1626 1682 1675 1718 sit
1732 1694 1825 1719 con-

506 1740 754 1787 tempnendo
798 1752 879 1776 non
923 1739 1086 1777 obedire
1131 1739 1344 1788 prepositis
1398 1752 1468 1787 per
1512 1740 1611 1776 illud
1658 1741 1684 1776 I.
1732 1741 1881 1787 Reg.25

506 1798 588 1844 XV,
623 1808 689 1841 22,
723 1797 791 1833 ubi
824 1798 986 1834 Samuel
1033 1797 1213 1846 precepit
1246 1798 1355 1835 Sauli
1389 1806 1598 1846 percutere
1629 1798 1825 1834 Amalech

508 1863 545 1891 et
583 1854 769 1891 demoliri
812 1855 997 1892 universa
1041 1855 1126 1892 eius
1171 1869 1193 1892 a
1237 1869 1331 1904 quo,
1381 1855 1473 1904 quia
1508 1856 1603 1892 Saul
1635 1855 1677 1891 in
1710 1864 1825 1903 parte

507 1912 663 1959 defecit,
716 1912 866 1949 audivit
923 1912 1168 1950 sentenciam
1221 1913 1386 1950 Domini
1439 1926 1509 1961 per
1564 1913 1823 1961 prophetam:

506 1970 651 2007 Melior
695 1979 749 2007 est
781 1971 998 2007 obediencia
1031 1984 1144 2020 quam
1179 1972 1343 2020 victime,
1375 1979 1410 2008 et
1442 1972 1665 2007 auscultare
1697 1971 1826 2022 magis

505 2040 617 2076 quam
663 2029 805 2077 offerre
849 2029 999 2078 adipem
1033 2029 1210 2067 arietum.
1268 2029 1456 2074 Quoniam
1490 2029 1601 2078 quasi
1626 2037 1824 2078 peccatum
1843 2032 1884 2064 30

505 2086 701 2122 ariolandi
744 2094 798 2122 est
832 2099 1069 2137 repugnare,
1115 2094 1149 2123 et
1182 2088 1293 2136 quasi
1328 2087 1453 2124 scelus
1482 2086 1693 2138 ydolatrie
1724 2087 1826 2123 nolle

505 2143 737 2192 aquiescere.
789 2146 911 2180 Notat
951 2153 1085 2181 autem
1120 2144 1195 2182 iste
1228 2154 1402 2191 sanctus,
1444 2146 1553 2193 quod
1587 2144 1733 2181 dicitur
1766 2157 1825 2181 re-

498 2214 683 2252 pugnare
715 2209 751 2238 et
783 2202 884 2239 nolle
916 2203 1170 2251 acquiescere,
1204 2203 1298 2251 quia
1331 2202 1406 2239 ista
1440 2202 1631 2239 dicuntur
1652 2202 1824 2239 scienter

504 2259 755 2305 rebelliones,
802 2272 879 2308 que
911 2260 1015 2296 facta
1049 2260 1089 2296 in
1123 2263 1249 2297 Deum
1285 2260 1366 2297 sive
1400 2262 1535 2309 quoad
1569 2261 1821 2307 mandatum,

504 2317 583 2353 sive
616 2318 752 2365 quoad
787 2317 1015 2362 consilium,
1050 2318 1131 2355 sive
1164 2331 1234 2366 per
1267 2318 1501 2367 inpossibile
1525 2319 1660 2367 quoad
1688 2327 1821 2355 actum
1840 2321 1880 2354 35

505 2374 682 2412 medium
715 2375 795 2411 sive
828 2384 1015 2411 neutrum
1049 2388 1207 2424 semper
1241 2384 1332 2412 sunt
1356 2377 1526 2413 mortale
1555 2372 1559 2429 Ι
1588 2384 1821 2424 peccatum3
1864 2388 1928 2420 217

503 2445 576 2469 nec
620 2445 833 2480 possumus
879 2433 1057 2470 excusari
1103 2435 1150 2471 de
1194 2433 1444 2482 negligencia
1488 2443 1526 2471 et
1571 2442 1820 2482 contemptu,

503 2491 599 2526 dum
633 2490 780 2527 scimus
815 2503 997 2539 expresse
1030 2493 1139 2540 quod
1163 2494 1269 2528 Deus
1302 2493 1378 2529 hoc
1411 2491 1584 2529 consulit
1618 2500 1655 2528 et
1685 2499 1821 2528 tamen

504 2560 548 2584 ex
595 2548 890 2585 deliberacione
937 2549 1067 2597 ipsum
1113 2549 1338 2587 omittimus
1371 2550 1554 2587 faciendo
1587 2549 1818 2598 oppositum

572 2724 611 2744 12.
632 2717 800 2753 cuicunque
809 2727 819 2749 ,·
838 2717 867 2745 in
890 2725 1004 2753 marg:
1024 2718 1273 2754 circumquaque.
1353 2717 1399 2753 34.
1422 2718 1518 2746 Cod.:
1542 2718 1748 2746 rebellionem.

500 2808 613 2875 Uvam
630 2798 681 2831 Cf.
714 2799 764 2830 De
798 2800 985 2841 Praecepto
1019 2807 1051 2832 et
1077 2801 1345 2842 Dispensatione
1378 2811 1451 2843 cap.
1485 2801 1555 2833 XII.
1654 2803 1706 2834 23.
1735 2802 1818 2844 Cap.

500 2862 511 2873 χ
618 2868 624 2875 .
652 2855 680 2876 c.
