<?xml version="1.0" encoding="UTF-8"?>
<!DOCTYPE html PUBLIC "-//W3C//DTD XHTML 1.0 Transitional//EN"
    "http://www.w3.org/TR/xhtml1/DTD/xhtml1-transitional.dtd">
<html xmlns="http://www.w3.org/1999/xhtml" xml:lang="en" lang="en">
 <head>
  <title>
</title>
<meta http-equiv="Content-Type" content="text/html;charset=utf-8" />
  <meta name='ocr-system' content='tesseract 3.04.00' />
  <meta name='ocr-capabilities' content='ocr_page ocr_carea ocr_par ocr_line ocrx_word'/>
</head>
<body>
  <div class='ocr_page' id='page_1' title='image "./decivilidominio04wycl_0299.png"; bbox 0 0 2050 3292; ppageno 0'>
   <div class='ocr_carea' id='block_1_1' title="bbox 219 199 1811 255">
    <p class='ocr_par' dir='ltr' id='par_1_1' title="bbox 219 199 1811 255">
     <span class='ocr_line' id='line_1_1' title="bbox 219 199 1811 255; baseline 0.004 -17"><span class='ocrx_word' id='word_1_1' title='bbox 219 210 307 239; x_wconf 70' lang='lat' dir='ltr'>CAP.</span> <span class='ocrx_word' id='word_1_2' title='bbox 323 200 468 255; x_wconf 63' lang='lat' dir='ltr'>xxva]</span> <span class='ocrx_word' id='word_1_3' title='bbox 682 209 816 242; x_wconf 82' lang='lat' dir='ltr'><strong>LIBER</strong></span> <span class='ocrx_word' id='word_1_4' title='bbox 843 209 1051 241; x_wconf 74' lang='lat' dir='ltr'>TERTius.</span> <span class='ocrx_word' id='word_1_5' title='bbox 1732 199 1811 248; x_wconf 69' lang='lat'>(³49</span> 
     </span>
    </p>
   </div>
   <div class='ocr_carea' id='block_1_2' title="bbox 109 313 1773 2668">
    <p class='ocr_par' dir='ltr' id='par_1_2' title="bbox 109 313 1773 2668">
     <span class='ocr_line' id='line_1_2' title="bbox 279 313 1767 366; baseline -0.005 -12"><span class='ocrx_word' id='word_1_6' title='bbox 279 317 506 366; x_wconf 80' lang='lat' dir='ltr'>Capitulum</span> <span class='ocrx_word' id='word_1_7' title='bbox 562 315 729 352; x_wconf 87' lang='lat' dir='ltr'>tercium</span> <span class='ocrx_word' id='word_1_8' title='bbox 782 314 902 351; x_wconf 89' lang='lat' dir='ltr'>adicit</span> <span class='ocrx_word' id='word_1_9' title='bbox 949 322 1027 350; x_wconf 85' lang='lat' dir='ltr'>tres</span> <span class='ocrx_word' id='word_1_10' title='bbox 1078 313 1353 350; x_wconf 83' lang='lat' dir='ltr'>conclusiones</span> <span class='ocrx_word' id='word_1_11' title='bbox 1411 314 1527 359; x_wconf 70' lang='lat' dir='ltr'>alias,</span> <span class='ocrx_word' id='word_1_12' title='bbox 1590 320 1767 353; x_wconf 78' lang='lat' dir='ltr'>Summary.</span> 
     </span>
     <span class='ocr_line' id='line_1_3' title="bbox 221 364 1767 423; baseline -0.003 -12"><span class='ocrx_word' id='word_1_13' title='bbox 221 367 391 423; x_wconf 84' lang='lat' dir='ltr'>quarum</span> <span class='ocrx_word' id='word_1_14' title='bbox 436 374 566 422; x_wconf 89' lang='lat' dir='ltr'>prima</span> <span class='ocrx_word' id='word_1_15' title='bbox 610 373 704 409; x_wconf 89' lang='lat' dir='ltr'>dicit</span> <span class='ocrx_word' id='word_1_16' title='bbox 742 374 850 421; x_wconf 90' lang='lat' dir='ltr'>quod</span> <span class='ocrx_word' id='word_1_17' title='bbox 893 384 990 419; x_wconf 88' lang='lat' dir='ltr'>pure</span> <span class='ocrx_word' id='word_1_18' title='bbox 1036 371 1175 419; x_wconf 83' lang='lat' dir='ltr'>religio</span> <span class='ocrx_word' id='word_1_19' title='bbox 1208 371 1433 407; x_wconf 89' lang='lat' dir='ltr'>Christiana</span> <span class='ocrx_word' id='word_1_20' title='bbox 1472 380 1530 408; x_wconf 89' lang='lat' dir='ltr'>est</span> <span class='ocrx_word' id='word_1_21' title='bbox 1596 364 1767 400; x_wconf 75' lang='lat' dir='ltr'>Chap.111.</span> 
     </span>
     <span class='ocr_line' id='line_1_4' title="bbox 223 428 1529 480; baseline -0.004 -11"><span class='ocrx_word' id='word_1_22' title='bbox 223 444 462 480; x_wconf 88' lang='lat' dir='ltr'>quacunque</span> <span class='ocrx_word' id='word_1_23' title='bbox 504 430 656 479; x_wconf 88' lang='lat' dir='ltr'>privata</span> <span class='ocrx_word' id='word_1_24' title='bbox 700 429 932 478; x_wconf 77' lang='lat' dir='ltr'>perfeccior‚</span> <span class='ocrx_word' id='word_1_25' title='bbox 978 430 1084 477; x_wconf 89' lang='lat' dir='ltr'>quod</span> <span class='ocrx_word' id='word_1_26' title='bbox 1128 430 1271 477; x_wconf 88' lang='lat' dir='ltr'>probat</span> <span class='ocrx_word' id='word_1_27' title='bbox 1301 428 1529 476; x_wconf 83' lang='lat' dir='ltr'>tripliciter3</span> 
     </span>
     <span class='ocr_line' id='line_1_5' title="bbox 223 486 1530 534; baseline -0.005 -7"><span class='ocrx_word' id='word_1_28' title='bbox 223 491 396 527; x_wconf 89' lang='lat' dir='ltr'>secunda</span> <span class='ocrx_word' id='word_1_29' title='bbox 429 488 650 526; x_wconf 80' lang='lat' dir='ltr'>conclusio:</span> <span class='ocrx_word' id='word_1_30' title='bbox 691 488 799 523; x_wconf 89' lang='lat' dir='ltr'>nulla</span> <span class='ocrx_word' id='word_1_31' title='bbox 831 486 1065 523; x_wconf 83' lang='lat' dir='ltr'>obediencia</span> <span class='ocrx_word' id='word_1_32' title='bbox 1102 487 1207 522; x_wconf 87' lang='lat' dir='ltr'>facta</span> <span class='ocrx_word' id='word_1_33' title='bbox 1247 486 1451 534; x_wconf 85' lang='lat' dir='ltr'>preposito</span> <span class='ocrx_word' id='word_1_34' title='bbox 1492 486 1530 522; x_wconf 90' lang='lat' dir='ltr'>in</span> 
     </span>
     <span class='ocr_line' id='line_1_6' title="bbox 193 542 1527 595; baseline -0.003 -13"><span class='ocrx_word' id='word_1_35' title='bbox 193 547 415 595; x_wconf 66' lang='lat' dir='ltr'>§religione</span> <span class='ocrx_word' id='word_1_36' title='bbox 447 546 600 594; x_wconf 86' lang='lat' dir='ltr'>privata</span> <span class='ocrx_word' id='word_1_37' title='bbox 633 547 794 593; x_wconf 89' lang='lat' dir='ltr'>prodest</span> <span class='ocrx_word' id='word_1_38' title='bbox 827 545 876 581; x_wconf 85' lang='lat' dir='ltr'>ad</span> <span class='ocrx_word' id='word_1_39' title='bbox 909 545 1093 581; x_wconf 88' lang='lat' dir='ltr'>meritum</span> <span class='ocrx_word' id='word_1_40' title='bbox 1123 542 1420 587; x_wconf 81' lang='lat' dir='ltr'>obedienciarii,</span> <span class='ocrx_word' id='word_1_41' title='bbox 1454 543 1527 580; x_wconf 89' lang='lat' dir='ltr'>nisi</span> 
     </span>
     <span class='ocr_line' id='line_1_7' title="bbox 225 600 1530 653; baseline -0.004 -12"><span class='ocrx_word' id='word_1_42' title='bbox 225 607 272 641; x_wconf 89' lang='lat' dir='ltr'>de</span> <span class='ocrx_word' id='word_1_43' title='bbox 305 612 455 653; x_wconf 91' lang='lat' dir='ltr'>quanto</span> <span class='ocrx_word' id='word_1_44' title='bbox 488 602 652 640; x_wconf 89' lang='lat' dir='ltr'>inclinat</span> <span class='ocrx_word' id='word_1_45' title='bbox 683 605 732 640; x_wconf 88' lang='lat' dir='ltr'>ad</span> <span class='ocrx_word' id='word_1_46' title='bbox 763 601 1038 650; x_wconf 87' lang='lat' dir='ltr'>principaliter</span> <span class='ocrx_word' id='word_1_47' title='bbox 1069 600 1337 638; x_wconf 90' lang='lat' dir='ltr'>obediendum</span> <span class='ocrx_word' id='word_1_48' title='bbox 1372 601 1530 637; x_wconf 87' lang='lat' dir='ltr'>Christo</span> 
     </span>
     <span class='ocr_line' id='line_1_8' title="bbox 223 658 1530 708; baseline -0.004 -9"><span class='ocrx_word' id='word_1_49' title='bbox 223 665 261 699; x_wconf 89' lang='lat' dir='ltr'>in</span> <span class='ocrx_word' id='word_1_50' title='bbox 293 661 551 699; x_wconf 88' lang='lat' dir='ltr'>observancia</span> <span class='ocrx_word' id='word_1_51' title='bbox 584 661 877 706; x_wconf 84' lang='lat' dir='ltr'>mandatorum,</span> <span class='ocrx_word' id='word_1_52' title='bbox 911 661 1019 708; x_wconf 89' lang='lat' dir='ltr'>quod</span> <span class='ocrx_word' id='word_1_53' title='bbox 1059 667 1096 695; x_wconf 93' lang='lat' dir='ltr'>et</span> <span class='ocrx_word' id='word_1_54' title='bbox 1133 659 1276 706; x_wconf 86' lang='lat' dir='ltr'>probat</span> <span class='ocrx_word' id='word_1_55' title='bbox 1308 658 1530 707; x_wconf 75' lang='lat' dir='ltr'>tripliciter,</span> 
     </span>
     <span class='ocr_line' id='line_1_9' title="bbox 225 715 1531 766; baseline -0.002 -10"><span class='ocrx_word' id='word_1_56' title='bbox 225 720 395 756; x_wconf 89' lang='lat' dir='ltr'>inferens</span> <span class='ocrx_word' id='word_1_57' title='bbox 428 718 653 764; x_wconf 86' lang='lat' dir='ltr'>correlarie,</span> <span class='ocrx_word' id='word_1_58' title='bbox 686 719 794 766; x_wconf 91' lang='lat' dir='ltr'>quod</span> <span class='ocrx_word' id='word_1_59' title='bbox 827 717 1018 766; x_wconf 83' lang='lat' dir='ltr'>prepositi</span> <span class='ocrx_word' id='word_1_60' title='bbox 1050 717 1193 754; x_wconf 90' lang='lat' dir='ltr'>debent</span> <span class='ocrx_word' id='word_1_61' title='bbox 1230 715 1531 764; x_wconf 84' lang='lat' dir='ltr'>diligentissime</span> 
     </span>
     <span class='ocr_line' id='line_1_10' title="bbox 224 773 1532 821; baseline -0.002 -8"><span class='ocrx_word' id='word_1_62' title='bbox 224 786 363 813; x_wconf 90' lang='lat' dir='ltr'>notare</span> <span class='ocrx_word' id='word_1_63' title='bbox 395 777 436 812; x_wconf 89' lang='lat' dir='ltr'>in</span> <span class='ocrx_word' id='word_1_64' title='bbox 468 777 674 812; x_wconf 89' lang='lat' dir='ltr'>onerando</span> <span class='ocrx_word' id='word_1_65' title='bbox 707 788 800 812; x_wconf 89' lang='lat' dir='ltr'>suos</span> <span class='ocrx_word' id='word_1_66' title='bbox 832 775 1010 811; x_wconf 89' lang='lat' dir='ltr'>subditos</span> <span class='ocrx_word' id='word_1_67' title='bbox 1043 773 1207 811; x_wconf 88' lang='lat' dir='ltr'>consilia</span> <span class='ocrx_word' id='word_1_68' title='bbox 1240 774 1466 821; x_wconf 83' lang='lat' dir='ltr'>evangelica</span> <span class='ocrx_word' id='word_1_69' title='bbox 1495 782 1532 810; x_wconf 88' lang='lat' dir='ltr'>et</span> 
     </span>
     <span class='ocr_line' id='line_1_11' title="bbox 173 831 1532 883; baseline -0.001 -14"><span class='ocrx_word' id='word_1_70' title='bbox 173 843 430 883; x_wconf 76' lang='lat' dir='ltr'>inprecepta3</span> <span class='ocrx_word' id='word_1_71' title='bbox 469 833 591 870; x_wconf 87' lang='lat' dir='ltr'>tercia</span> <span class='ocrx_word' id='word_1_72' title='bbox 630 833 833 870; x_wconf 86' lang='lat' dir='ltr'>conclusio</span> <span class='ocrx_word' id='word_1_73' title='bbox 867 832 980 869; x_wconf 89' lang='lat' dir='ltr'>dicit:</span> <span class='ocrx_word' id='word_1_74' title='bbox 1012 833 1103 869; x_wconf 90' lang='lat' dir='ltr'>licet</span> <span class='ocrx_word' id='word_1_75' title='bbox 1133 840 1266 868; x_wconf 88' lang='lat' dir='ltr'>votum</span> <span class='ocrx_word' id='word_1_76' title='bbox 1301 831 1532 868; x_wconf 86' lang='lat' dir='ltr'>obediencie</span> 
     </span>
     <span class='ocr_line' id='line_1_12' title="bbox 225 888 1532 939; baseline -0.003 -11"><span class='ocrx_word' id='word_1_77' title='bbox 225 893 373 929; x_wconf 88' lang='lat' dir='ltr'>factum</span> <span class='ocrx_word' id='word_1_78' title='bbox 409 894 560 939; x_wconf 88' lang='lat' dir='ltr'>privato</span> <span class='ocrx_word' id='word_1_79' title='bbox 593 890 796 939; x_wconf 89' lang='lat' dir='ltr'>preposito</span> <span class='ocrx_word' id='word_1_80' title='bbox 829 891 991 938; x_wconf 87' lang='lat' dir='ltr'>prodest</span> <span class='ocrx_word' id='word_1_81' title='bbox 1024 888 1255 939; x_wconf 85' lang='lat' dir='ltr'>plurimum,</span> <span class='ocrx_word' id='word_1_82' title='bbox 1289 898 1421 926; x_wconf 88' lang='lat' dir='ltr'>tamen</span> <span class='ocrx_word' id='word_1_83' title='bbox 1445 901 1532 937; x_wconf 88' lang='lat' dir='ltr'>per-</span> 
     </span>
     <span class='ocr_line' id='line_1_13' title="bbox 226 945 1533 996; baseline -0.003 -10"><span class='ocrx_word' id='word_1_84' title='bbox 226 948 371 987; x_wconf 86' lang='lat' dir='ltr'>feccius</span> <span class='ocrx_word' id='word_1_85' title='bbox 416 950 516 985; x_wconf 82' lang='lat' dir='ltr'>foret</span> <span class='ocrx_word' id='word_1_86' title='bbox 560 948 795 996; x_wconf 90' lang='lat' dir='ltr'>simpliciter</span> <span class='ocrx_word' id='word_1_87' title='bbox 839 960 937 996; x_wconf 87' lang='lat' dir='ltr'>pure</span> <span class='ocrx_word' id='word_1_88' title='bbox 980 949 1051 984; x_wconf 88' lang='lat' dir='ltr'>sub</span> <span class='ocrx_word' id='word_1_89' title='bbox 1086 946 1245 983; x_wconf 89' lang='lat' dir='ltr'>Christo</span> <span class='ocrx_word' id='word_1_90' title='bbox 1290 945 1533 984; x_wconf 88' lang='lat' dir='ltr'>unanimiter</span> 
     </span>
     <span class='ocr_line' id='line_1_14' title="bbox 229 1004 1532 1053; baseline -0.002 -10"><span class='ocrx_word' id='word_1_91' title='bbox 229 1006 411 1046; x_wconf 86' lang='lat' dir='ltr'>militare.</span> <span class='ocrx_word' id='word_1_92' title='bbox 444 1008 492 1043; x_wconf 87' lang='lat' dir='ltr'>Et</span> <span class='ocrx_word' id='word_1_93' title='bbox 525 1007 701 1043; x_wconf 81' lang='lat' dir='ltr'>declarat</span> <span class='ocrx_word' id='word_1_94' title='bbox 732 1005 940 1053; x_wconf 86' lang='lat' dir='ltr'>tripliciter</span> <span class='ocrx_word' id='word_1_95' title='bbox 971 1005 1190 1052; x_wconf 87' lang='lat' dir='ltr'>periculum</span> <span class='ocrx_word' id='word_1_96' title='bbox 1216 1004 1334 1041; x_wconf 91' lang='lat' dir='ltr'>hodie</span> <span class='ocrx_word' id='word_1_97' title='bbox 1357 1004 1532 1041; x_wconf 90' lang='lat' dir='ltr'>intrandi</span> 
     </span>
     <span class='ocr_line' id='line_1_15' title="bbox 228 1062 1532 1112; baseline -0.002 -12"><span class='ocrx_word' id='word_1_98' title='bbox 228 1064 437 1112; x_wconf 86' lang='lat' dir='ltr'>religiones</span> <span class='ocrx_word' id='word_1_99' title='bbox 482 1064 668 1112; x_wconf 84' lang='lat' dir='ltr'>privatas.</span> <span class='ocrx_word' id='word_1_100' title='bbox 724 1064 872 1099; x_wconf 84' lang='lat' dir='ltr'>Contra</span> <span class='ocrx_word' id='word_1_101' title='bbox 915 1074 1008 1099; x_wconf 91' lang='lat' dir='ltr'>vero</span> <span class='ocrx_word' id='word_1_102' title='bbox 1052 1062 1189 1099; x_wconf 88' lang='lat' dir='ltr'>obicit:</span> <span class='ocrx_word' id='word_1_103' title='bbox 1235 1062 1379 1109; x_wconf 87' lang='lat' dir='ltr'>primo,</span> <span class='ocrx_word' id='word_1_104' title='bbox 1425 1063 1532 1109; x_wconf 91' lang='lat' dir='ltr'>quod</span> 
     </span>
     <span class='ocr_line' id='line_1_16' title="bbox 176 1119 1531 1168; baseline -0.001 -12"><span class='ocrx_word' id='word_1_105' title='bbox 176 1126 413 1159; x_wconf 77' lang='lat' dir='ltr'>15strenuus</span> <span class='ocrx_word' id='word_1_106' title='bbox 467 1121 578 1158; x_wconf 89' lang='lat' dir='ltr'>miles</span> <span class='ocrx_word' id='word_1_107' title='bbox 629 1121 796 1158; x_wconf 83' lang='lat' dir='ltr'>intraret</span> <span class='ocrx_word' id='word_1_108' title='bbox 852 1119 1083 1168; x_wconf 85' lang='lat' dir='ltr'>religionem</span> <span class='ocrx_word' id='word_1_109' title='bbox 1144 1121 1193 1156; x_wconf 89' lang='lat' dir='ltr'>ad</span> <span class='ocrx_word' id='word_1_110' title='bbox 1246 1121 1531 1156; x_wconf 86' lang='lat' dir='ltr'>destruendum</span> 
     </span>
     <span class='ocr_line' id='line_1_17' title="bbox 229 1176 1535 1226; baseline -0.003 -10"><span class='ocrx_word' id='word_1_111' title='bbox 229 1191 380 1216; x_wconf 87' lang='lat' dir='ltr'>errores</span> <span class='ocrx_word' id='word_1_112' title='bbox 427 1179 697 1216; x_wconf 83' lang='lat' dir='ltr'>claustralium</span> <span class='ocrx_word' id='word_1_113' title='bbox 744 1188 780 1216; x_wconf 90' lang='lat' dir='ltr'>et</span> <span class='ocrx_word' id='word_1_114' title='bbox 825 1179 1067 1215; x_wconf 88' lang='lat' dir='ltr'>declarando</span> <span class='ocrx_word' id='word_1_115' title='bbox 1100 1177 1326 1226; x_wconf 89' lang='lat' dir='ltr'>oppositum</span> <span class='ocrx_word' id='word_1_116' title='bbox 1361 1176 1535 1214; x_wconf 89' lang='lat' dir='ltr'>ostendit</span> 
     </span>
     <span class='ocr_line' id='line_1_18' title="bbox 229 1236 1535 1285; baseline -0.002 -12"><span class='ocrx_word' id='word_1_117' title='bbox 229 1236 463 1285; x_wconf 86' lang='lat' dir='ltr'>quiditatem</span> <span class='ocrx_word' id='word_1_118' title='bbox 518 1245 555 1273; x_wconf 89' lang='lat' dir='ltr'>et</span> <span class='ocrx_word' id='word_1_119' title='bbox 604 1237 773 1273; x_wconf 85' lang='lat' dir='ltr'>formam</span> <span class='ocrx_word' id='word_1_120' title='bbox 822 1236 1048 1273; x_wconf 88' lang='lat' dir='ltr'>obediencie</span> <span class='ocrx_word' id='word_1_121' title='bbox 1100 1244 1136 1272; x_wconf 91' lang='lat' dir='ltr'>et</span> <span class='ocrx_word' id='word_1_122' title='bbox 1188 1237 1392 1283; x_wconf 91' lang='lat' dir='ltr'>quomodo</span> <span class='ocrx_word' id='word_1_123' title='bbox 1442 1246 1535 1271; x_wconf 92' lang='lat' dir='ltr'>vera</span> 
     </span>
     <span class='ocr_line' id='line_1_19' title="bbox 228 1292 1534 1341; baseline -0.002 -11"><span class='ocrx_word' id='word_1_124' title='bbox 228 1294 435 1331; x_wconf 86' lang='lat' dir='ltr'>humilitas</span> <span class='ocrx_word' id='word_1_125' title='bbox 468 1295 587 1331; x_wconf 85' lang='lat' dir='ltr'>habet</span> <span class='ocrx_word' id='word_1_126' title='bbox 618 1303 709 1331; x_wconf 91' lang='lat' dir='ltr'>octo</span> <span class='ocrx_word' id='word_1_127' title='bbox 743 1295 993 1330; x_wconf 87' lang='lat' dir='ltr'>condiciones</span> <span class='ocrx_word' id='word_1_128' title='bbox 1026 1292 1268 1329; x_wconf 86' lang='lat' dir='ltr'>sufficientes</span> <span class='ocrx_word' id='word_1_129' title='bbox 1301 1305 1373 1341; x_wconf 87' lang='lat' dir='ltr'>pro</span> <span class='ocrx_word' id='word_1_130' title='bbox 1399 1292 1534 1340; x_wconf 85' lang='lat' dir='ltr'>regula</span> 
     </span>
     <span class='ocr_line' id='line_1_20' title="bbox 229 1350 1534 1398; baseline -0.002 -10"><span class='ocrx_word' id='word_1_131' title='bbox 229 1351 439 1389; x_wconf 90' lang='lat' dir='ltr'>cuiuslibet</span> <span class='ocrx_word' id='word_1_132' title='bbox 484 1351 635 1388; x_wconf 86' lang='lat' dir='ltr'>ordinis</span> <span class='ocrx_word' id='word_1_133' title='bbox 668 1351 892 1397; x_wconf 80' lang='lat' dir='ltr'>christiani3</span> <span class='ocrx_word' id='word_1_134' title='bbox 937 1351 1113 1387; x_wconf 89' lang='lat' dir='ltr'>secundo</span> <span class='ocrx_word' id='word_1_135' title='bbox 1152 1350 1321 1387; x_wconf 89' lang='lat' dir='ltr'>obicitur</span> <span class='ocrx_word' id='word_1_136' title='bbox 1358 1362 1428 1398; x_wconf 86' lang='lat' dir='ltr'>per</span> <span class='ocrx_word' id='word_1_137' title='bbox 1460 1351 1534 1386; x_wconf 88' lang='lat' dir='ltr'>hoc</span> 
     </span>
     <span class='ocr_line' id='line_1_21' title="bbox 173 1407 1534 1459; baseline 0 -16"><span class='ocrx_word' id='word_1_138' title='bbox 173 1422 213 1443; x_wconf 60' lang='grc' dir='ltr'>πο</span> <span class='ocrx_word' id='word_1_139' title='bbox 229 1411 336 1459; x_wconf 92' lang='lat' dir='ltr'>quod</span> <span class='ocrx_word' id='word_1_140' title='bbox 380 1411 597 1446; x_wconf 88' lang='lat' dir='ltr'>secundum</span> <span class='ocrx_word' id='word_1_141' title='bbox 643 1411 828 1446; x_wconf 90' lang='lat' dir='ltr'>doctores</span> <span class='ocrx_word' id='word_1_142' title='bbox 871 1417 1029 1456; x_wconf 88' lang='lat' dir='ltr'>oportet</span> <span class='ocrx_word' id='word_1_143' title='bbox 1067 1409 1266 1445; x_wconf 87' lang='lat' dir='ltr'>subditum</span> <span class='ocrx_word' id='word_1_144' title='bbox 1300 1407 1462 1444; x_wconf 89' lang='lat' dir='ltr'>obedire</span> <span class='ocrx_word' id='word_1_145' title='bbox 1494 1407 1534 1442; x_wconf 90' lang='lat' dir='ltr'>in</span> 
     </span>
     <span class='ocr_line' id='line_1_22' title="bbox 229 1466 1532 1516; baseline -0.003 -12"><span class='ocrx_word' id='word_1_146' title='bbox 229 1466 383 1504; x_wconf 87' lang='lat' dir='ltr'>actibus</span> <span class='ocrx_word' id='word_1_147' title='bbox 427 1467 577 1504; x_wconf 85' lang='lat' dir='ltr'>neutris</span> <span class='ocrx_word' id='word_1_148' title='bbox 620 1480 692 1503; x_wconf 89' lang='lat' dir='ltr'>suo</span> <span class='ocrx_word' id='word_1_149' title='bbox 736 1467 954 1516; x_wconf 82' lang='lat' dir='ltr'>preposito,</span> <span class='ocrx_word' id='word_1_150' title='bbox 1008 1475 1044 1503; x_wconf 92' lang='lat' dir='ltr'>et</span> <span class='ocrx_word' id='word_1_151' title='bbox 1091 1467 1331 1503; x_wconf 90' lang='lat' dir='ltr'>declarando</span> <span class='ocrx_word' id='word_1_152' title='bbox 1374 1477 1532 1503; x_wconf 86' lang='lat' dir='ltr'>sensum</span> 
     </span>
     <span class='ocr_line' id='line_1_23' title="bbox 230 1522 1534 1573; baseline -0.003 -11"><span class='ocrx_word' id='word_1_153' title='bbox 230 1524 346 1562; x_wconf 89' lang='lat' dir='ltr'>huius</span> <span class='ocrx_word' id='word_1_154' title='bbox 378 1524 562 1570; x_wconf 87' lang='lat' dir='ltr'>ostendit,</span> <span class='ocrx_word' id='word_1_155' title='bbox 602 1525 709 1573; x_wconf 89' lang='lat' dir='ltr'>quod</span> <span class='ocrx_word' id='word_1_156' title='bbox 748 1524 788 1561; x_wconf 92' lang='lat' dir='ltr'>in</span> <span class='ocrx_word' id='word_1_157' title='bbox 820 1524 973 1566; x_wconf 78' lang='lat' dir='ltr'>actibus</span> <span class='ocrx_word' id='word_1_158' title='bbox 1006 1523 1153 1561; x_wconf 89' lang='lat' dir='ltr'>vocatis</span> <span class='ocrx_word' id='word_1_159' title='bbox 1191 1523 1340 1561; x_wconf 83' lang='lat' dir='ltr'>neutris</span> <span class='ocrx_word' id='word_1_160' title='bbox 1373 1522 1534 1560; x_wconf 91' lang='lat' dir='ltr'>obedire</span> 
     </span>
     <span class='ocr_line' id='line_1_24' title="bbox 231 1580 1535 1629; baseline -0.002 -10"><span class='ocrx_word' id='word_1_161' title='bbox 231 1584 348 1619; x_wconf 89' lang='lat' dir='ltr'>debet</span> <span class='ocrx_word' id='word_1_162' title='bbox 380 1584 557 1619; x_wconf 90' lang='lat' dir='ltr'>subditus</span> <span class='ocrx_word' id='word_1_163' title='bbox 589 1583 708 1620; x_wconf 89' lang='lat' dir='ltr'>solius</span> <span class='ocrx_word' id='word_1_164' title='bbox 732 1582 876 1619; x_wconf 89' lang='lat' dir='ltr'>Christi</span> <span class='ocrx_word' id='word_1_165' title='bbox 910 1582 1085 1619; x_wconf 80' lang='lat' dir='ltr'>consiliis</span> <span class='ocrx_word' id='word_1_166' title='bbox 1118 1590 1155 1618; x_wconf 89' lang='lat' dir='ltr'>et</span> <span class='ocrx_word' id='word_1_167' title='bbox 1187 1583 1295 1629; x_wconf 88' lang='lat' dir='ltr'>quod</span> <span class='ocrx_word' id='word_1_168' title='bbox 1318 1580 1535 1618; x_wconf 88' lang='lat' dir='ltr'>resistendo</span> 
     </span>
     <span class='ocr_line' id='line_1_25' title="bbox 231 1638 1536 1689; baseline -0.002 -12"><span class='ocrx_word' id='word_1_169' title='bbox 231 1641 458 1689; x_wconf 88' lang='lat' dir='ltr'>inprudenti</span> <span class='ocrx_word' id='word_1_170' title='bbox 496 1640 699 1689; x_wconf 90' lang='lat' dir='ltr'>preposito</span> <span class='ocrx_word' id='word_1_171' title='bbox 738 1640 941 1685; x_wconf 79' lang='lat' dir='ltr'>obeditur3</span> <span class='ocrx_word' id='word_1_172' title='bbox 989 1639 1111 1678; x_wconf 89' lang='lat' dir='ltr'>tercio</span> <span class='ocrx_word' id='word_1_173' title='bbox 1155 1638 1322 1676; x_wconf 88' lang='lat' dir='ltr'>obicitur</span> <span class='ocrx_word' id='word_1_174' title='bbox 1360 1651 1430 1687; x_wconf 92' lang='lat' dir='ltr'>per</span> <span class='ocrx_word' id='word_1_175' title='bbox 1462 1639 1536 1674; x_wconf 90' lang='lat' dir='ltr'>hoc</span> 
     </span>
     <span class='ocr_line' id='line_1_26' title="bbox 175 1697 1535 1747; baseline -0.001 -13"><span class='ocrx_word' id='word_1_176' title='bbox 175 1701 214 1734; x_wconf 79' lang='lat'>25</span> <span class='ocrx_word' id='word_1_177' title='bbox 232 1699 340 1747; x_wconf 88' lang='lat' dir='ltr'>quod</span> <span class='ocrx_word' id='word_1_178' title='bbox 383 1698 583 1746; x_wconf 87' lang='lat' dir='ltr'>ingressus</span> <span class='ocrx_word' id='word_1_179' title='bbox 625 1697 666 1734; x_wconf 91' lang='lat' dir='ltr'>in</span> <span class='ocrx_word' id='word_1_180' title='bbox 711 1698 939 1746; x_wconf 81' lang='lat' dir='ltr'>religionem</span> <span class='ocrx_word' id='word_1_181' title='bbox 986 1698 1089 1734; x_wconf 91' lang='lat' dir='ltr'>delet</span> <span class='ocrx_word' id='word_1_182' title='bbox 1132 1705 1296 1745; x_wconf 88' lang='lat' dir='ltr'>peccata</span> <span class='ocrx_word' id='word_1_183' title='bbox 1341 1706 1378 1733; x_wconf 92' lang='lat' dir='ltr'>et</span> <span class='ocrx_word' id='word_1_184' title='bbox 1418 1697 1535 1732; x_wconf 87' lang='lat' dir='ltr'>habet</span> 
     </span>
     <span class='ocr_line' id='line_1_27' title="bbox 109 1752 1536 1808; baseline -0.001 -17"><span class='ocrx_word' id='word_1_185' title='bbox 109 1757 188 1791; x_wconf 71' lang='lat'>261⁶</span> <span class='ocrx_word' id='word_1_186' title='bbox 233 1756 356 1792; x_wconf 89' lang='lat' dir='ltr'>multa</span> <span class='ocrx_word' id='word_1_187' title='bbox 386 1752 389 1808; x_wconf 88' lang='grc' dir='ltr'>Ι</span> <span class='ocrx_word' id='word_1_188' title='bbox 419 1755 495 1793; x_wconf 90' lang='lat' dir='ltr'>alia</span> <span class='ocrx_word' id='word_1_189' title='bbox 528 1758 715 1799; x_wconf 87' lang='lat' dir='ltr'>comoda;</span> <span class='ocrx_word' id='word_1_190' title='bbox 760 1757 829 1792; x_wconf 87' lang='lat' dir='ltr'>sed</span> <span class='ocrx_word' id='word_1_191' title='bbox 867 1756 1107 1792; x_wconf 89' lang='lat' dir='ltr'>declarando</span> <span class='ocrx_word' id='word_1_192' title='bbox 1147 1756 1309 1791; x_wconf 89' lang='lat' dir='ltr'>modum</span> <span class='ocrx_word' id='word_1_193' title='bbox 1349 1766 1428 1802; x_wconf 89' lang='lat' dir='ltr'>quo</span> <span class='ocrx_word' id='word_1_194' title='bbox 1460 1754 1536 1789; x_wconf 89' lang='lat' dir='ltr'>hoc</span> 
     </span>
     <span class='ocr_line' id='line_1_28' title="bbox 232 1811 1534 1862; baseline -0.003 -12"><span class='ocrx_word' id='word_1_195' title='bbox 232 1813 403 1862; x_wconf 80' lang='lat' dir='ltr'>proficit,</span> <span class='ocrx_word' id='word_1_196' title='bbox 442 1813 616 1850; x_wconf 88' lang='lat' dir='ltr'>ostendit</span> <span class='ocrx_word' id='word_1_197' title='bbox 653 1814 760 1861; x_wconf 87' lang='lat' dir='ltr'>quod</span> <span class='ocrx_word' id='word_1_198' title='bbox 798 1822 876 1850; x_wconf 85' lang='lat' dir='ltr'>stat</span> <span class='ocrx_word' id='word_1_199' title='bbox 914 1814 1131 1850; x_wconf 86' lang='lat' dir='ltr'>secularem</span> <span class='ocrx_word' id='word_1_200' title='bbox 1173 1825 1216 1849; x_wconf 85' lang='lat' dir='ltr'>ex</span> <span class='ocrx_word' id='word_1_201' title='bbox 1247 1821 1327 1849; x_wconf 82' lang='lat' dir='ltr'>tam</span> <span class='ocrx_word' id='word_1_202' title='bbox 1362 1811 1534 1859; x_wconf 85' lang='lat' dir='ltr'>perfecta</span> 
     </span>
     <span class='ocr_line' id='line_1_29' title="bbox 232 1870 1162 1919; baseline 0 -11"><span class='ocrx_word' id='word_1_203' title='bbox 232 1871 467 1909; x_wconf 74' lang='lat' dir='ltr'>obediencia</span> <span class='ocrx_word' id='word_1_204' title='bbox 497 1879 605 1908; x_wconf 90' lang='lat' dir='ltr'>tante</span> <span class='ocrx_word' id='word_1_205' title='bbox 637 1872 696 1907; x_wconf 89' lang='lat' dir='ltr'>vel</span> <span class='ocrx_word' id='word_1_206' title='bbox 728 1870 898 1919; x_wconf 87' lang='lat' dir='ltr'>amplius</span> <span class='ocrx_word' id='word_1_207' title='bbox 931 1870 1162 1919; x_wconf 90' lang='lat' dir='ltr'>promereri.</span> 
     </span>
     <span class='ocr_line' id='line_1_30' title="bbox 291 1925 1773 1977; baseline -0.006 -12"><span class='ocrx_word' id='word_1_208' title='bbox 291 1928 520 1977; x_wconf 86' lang='lat' dir='ltr'>Capitulum</span> <span class='ocrx_word' id='word_1_209' title='bbox 554 1937 739 1977; x_wconf 86' lang='lat' dir='ltr'>quartum</span> <span class='ocrx_word' id='word_1_210' title='bbox 778 1928 1013 1977; x_wconf 90' lang='lat' dir='ltr'>premittens</span> <span class='ocrx_word' id='word_1_211' title='bbox 1048 1930 1150 1965; x_wconf 90' lang='lat' dir='ltr'>hanc</span> <span class='ocrx_word' id='word_1_212' title='bbox 1185 1927 1394 1964; x_wconf 81' lang='lat' dir='ltr'>maximam</span> <span class='ocrx_word' id='word_1_213' title='bbox 1430 1925 1535 1968; x_wconf 89' lang='lat' dir='ltr'>fidei,</span> <span class='ocrx_word' id='word_1_214' title='bbox 1604 1931 1700 1965; x_wconf 81' lang='lat' dir='ltr'>Chap.</span> <span class='ocrx_word' id='word_1_215' title='bbox 1722 1929 1773 1957; x_wconf 90' lang='lat' dir='ltr'>IV.</span> 
     </span>
     <span class='ocr_line' id='line_1_31' title="bbox 177 1983 1536 2035; baseline -0.002 -13"><span class='ocrx_word' id='word_1_216' title='bbox 177 1986 339 2035; x_wconf 75' lang='lat' dir='ltr'>30qu0d</span> <span class='ocrx_word' id='word_1_217' title='bbox 384 1995 542 2035; x_wconf 80' lang='lat' dir='ltr'>oportet</span> <span class='ocrx_word' id='word_1_218' title='bbox 587 1999 746 2024; x_wconf 89' lang='lat' dir='ltr'>omnem</span> <span class='ocrx_word' id='word_1_219' title='bbox 796 1986 1053 2023; x_wconf 84' lang='lat' dir='ltr'>christianum</span> <span class='ocrx_word' id='word_1_220' title='bbox 1105 1985 1145 2022; x_wconf 93' lang='lat' dir='ltr'>in</span> <span class='ocrx_word' id='word_1_221' title='bbox 1199 1986 1372 2021; x_wconf 90' lang='lat' dir='ltr'>moribus</span> <span class='ocrx_word' id='word_1_222' title='bbox 1425 1983 1536 2031; x_wconf 87' lang='lat' dir='ltr'>sequi</span> 
     </span>
     <span class='ocr_line' id='line_1_32' title="bbox 234 2042 1537 2097; baseline -0.004 -16"><span class='ocrx_word' id='word_1_223' title='bbox 234 2045 447 2097; x_wconf 80' lang='lat' dir='ltr'>Christum,</span> <span class='ocrx_word' id='word_1_224' title='bbox 499 2046 674 2082; x_wconf 87' lang='lat' dir='ltr'>secundo</span> <span class='ocrx_word' id='word_1_225' title='bbox 727 2056 955 2093; x_wconf 89' lang='lat' dir='ltr'>supponens</span> <span class='ocrx_word' id='word_1_226' title='bbox 1007 2052 1085 2080; x_wconf 89' lang='lat' dir='ltr'>tres</span> <span class='ocrx_word' id='word_1_227' title='bbox 1137 2042 1438 2091; x_wconf 88' lang='lat' dir='ltr'>supposiciones</span> <span class='ocrx_word' id='word_1_228' title='bbox 1491 2042 1537 2077; x_wconf 90' lang='lat' dir='ltr'>de</span> 
     </span>
     <span class='ocr_line' id='line_1_33' title="bbox 234 2098 1538 2152; baseline -0.003 -14"><span class='ocrx_word' id='word_1_229' title='bbox 234 2101 404 2152; x_wconf 79' lang='lat' dir='ltr'>Christo,</span> <span class='ocrx_word' id='word_1_230' title='bbox 452 2103 595 2150; x_wconf 86' lang='lat' dir='ltr'>probat</span> <span class='ocrx_word' id='word_1_231' title='bbox 639 2104 760 2140; x_wconf 88' lang='lat' dir='ltr'>tercio</span> <span class='ocrx_word' id='word_1_232' title='bbox 804 2101 1012 2150; x_wconf 88' lang='lat' dir='ltr'>tripliciter</span> <span class='ocrx_word' id='word_1_233' title='bbox 1055 2103 1163 2149; x_wconf 92' lang='lat' dir='ltr'>quod</span> <span class='ocrx_word' id='word_1_234' title='bbox 1205 2100 1277 2136; x_wconf 88' lang='lat' dir='ltr'>fuit</span> <span class='ocrx_word' id='word_1_235' title='bbox 1310 2098 1538 2136; x_wconf 84' lang='lat' dir='ltr'>humanitus</span> 
     </span>
     <span class='ocr_line' id='line_1_34' title="bbox 234 2157 1538 2208; baseline -0.004 -12"><span class='ocrx_word' id='word_1_236' title='bbox 234 2172 388 2196; x_wconf 90' lang='lat' dir='ltr'>summe</span> <span class='ocrx_word' id='word_1_237' title='bbox 428 2172 591 2208; x_wconf 87' lang='lat' dir='ltr'>pauper.</span> <span class='ocrx_word' id='word_1_238' title='bbox 646 2160 779 2197; x_wconf 89' lang='lat' dir='ltr'>Prima</span> <span class='ocrx_word' id='word_1_239' title='bbox 818 2159 926 2197; x_wconf 91' lang='lat' dir='ltr'>racio</span> <span class='ocrx_word' id='word_1_240' title='bbox 959 2168 1066 2196; x_wconf 88' lang='lat' dir='ltr'>tenet</span> <span class='ocrx_word' id='word_1_241' title='bbox 1104 2171 1146 2195; x_wconf 87' lang='lat' dir='ltr'>ex</span> <span class='ocrx_word' id='word_1_242' title='bbox 1187 2159 1262 2194; x_wconf 87' lang='lat' dir='ltr'>hoc</span> <span class='ocrx_word' id='word_1_243' title='bbox 1295 2158 1403 2205; x_wconf 89' lang='lat' dir='ltr'>quod</span> <span class='ocrx_word' id='word_1_244' title='bbox 1436 2157 1538 2192; x_wconf 86' lang='lat' dir='ltr'>venit</span> 
     </span>
     <span class='ocr_line' id='line_1_35' title="bbox 234 2213 1539 2266; baseline -0.003 -13"><span class='ocrx_word' id='word_1_245' title='bbox 234 2219 283 2254; x_wconf 87' lang='lat' dir='ltr'>ad</span> <span class='ocrx_word' id='word_1_246' title='bbox 324 2218 605 2254; x_wconf 84' lang='lat' dir='ltr'>destruendum</span> <span class='ocrx_word' id='word_1_247' title='bbox 644 2217 902 2265; x_wconf 84' lang='lat' dir='ltr'>gentilitatem</span> <span class='ocrx_word' id='word_1_248' title='bbox 950 2216 1116 2266; x_wconf 77' lang='lat' dir='ltr'>civilem,</span> <span class='ocrx_word' id='word_1_249' title='bbox 1163 2217 1337 2252; x_wconf 88' lang='lat' dir='ltr'>secundo</span> <span class='ocrx_word' id='word_1_250' title='bbox 1382 2226 1424 2250; x_wconf 78' lang='lat' dir='ltr'>ex</span> <span class='ocrx_word' id='word_1_251' title='bbox 1463 2213 1539 2249; x_wconf 93' lang='lat' dir='ltr'>hoc</span> 
     </span>
     <span class='ocr_line' id='line_1_36' title="bbox 177 2272 1539 2324; baseline -0.003 -14"><span class='ocrx_word' id='word_1_252' title='bbox 177 2276 216 2310; x_wconf 78' lang='lat'>35</span> <span class='ocrx_word' id='word_1_253' title='bbox 235 2277 343 2324; x_wconf 92' lang='lat' dir='ltr'>quod</span> <span class='ocrx_word' id='word_1_254' title='bbox 395 2275 486 2311; x_wconf 85' lang='lat' dir='ltr'>vixit</span> <span class='ocrx_word' id='word_1_255' title='bbox 537 2276 657 2312; x_wconf 89' lang='lat' dir='ltr'>vitam</span> <span class='ocrx_word' id='word_1_256' title='bbox 712 2274 1042 2324; x_wconf 87' lang='lat' dir='ltr'>perfectissimam</span> <span class='ocrx_word' id='word_1_257' title='bbox 1096 2273 1268 2318; x_wconf 88' lang='lat' dir='ltr'>viatoris,</span> <span class='ocrx_word' id='word_1_258' title='bbox 1322 2272 1445 2308; x_wconf 87' lang='lat' dir='ltr'>tercia</span> <span class='ocrx_word' id='word_1_259' title='bbox 1497 2283 1539 2306; x_wconf 82' lang='lat' dir='ltr'>ex</span> 
     </span>
     <span class='ocr_line' id='line_1_37' title="bbox 234 2328 1540 2380; baseline -0.005 -11"><span class='ocrx_word' id='word_1_260' title='bbox 234 2333 375 2370; x_wconf 88' lang='lat' dir='ltr'>effectu</span> <span class='ocrx_word' id='word_1_261' title='bbox 419 2335 623 2380; x_wconf 90' lang='lat' dir='ltr'>quomodo</span> <span class='ocrx_word' id='word_1_262' title='bbox 662 2335 752 2370; x_wconf 86' lang='lat' dir='ltr'>vixit</span> <span class='ocrx_word' id='word_1_263' title='bbox 790 2341 915 2369; x_wconf 86' lang='lat' dir='ltr'>totam</span> <span class='ocrx_word' id='word_1_264' title='bbox 950 2331 1172 2369; x_wconf 88' lang='lat' dir='ltr'>viacionem</span> <span class='ocrx_word' id='word_1_265' title='bbox 1212 2343 1322 2366; x_wconf 87' lang='lat' dir='ltr'>suam</span> <span class='ocrx_word' id='word_1_266' title='bbox 1357 2331 1395 2365; x_wconf 92' lang='lat' dir='ltr'>in</span> <span class='ocrx_word' id='word_1_267' title='bbox 1429 2328 1540 2364; x_wconf 88' lang='lat' dir='ltr'>artis-</span> 
     </span>
     <span class='ocr_line' id='line_1_38' title="bbox 193 2385 1541 2438; baseline -0.006 -10"><span class='ocrx_word' id='word_1_268' title='bbox 193 2426 196 2429; x_wconf 67' lang='lat'>,</span> <span class='ocrx_word' id='word_1_269' title='bbox 233 2390 333 2427; x_wconf 87' lang='lat' dir='ltr'>sima</span> <span class='ocrx_word' id='word_1_270' title='bbox 375 2399 610 2438; x_wconf 85' lang='lat' dir='ltr'>paupertate</span> <span class='ocrx_word' id='word_1_271' title='bbox 649 2399 686 2427; x_wconf 86' lang='lat' dir='ltr'>et</span> <span class='ocrx_word' id='word_1_272' title='bbox 725 2391 934 2427; x_wconf 88' lang='lat' dir='ltr'>confirmat</span> <span class='ocrx_word' id='word_1_273' title='bbox 974 2402 1017 2426; x_wconf 85' lang='lat' dir='ltr'>ex</span> <span class='ocrx_word' id='word_1_274' title='bbox 1051 2389 1163 2426; x_wconf 91' lang='lat' dir='ltr'>dictis</span> <span class='ocrx_word' id='word_1_275' title='bbox 1196 2388 1300 2424; x_wconf 80' lang='lat' dir='ltr'>beati</span> <span class='ocrx_word' id='word_1_276' title='bbox 1332 2385 1541 2434; x_wconf 85' lang='lat' dir='ltr'>Augustini</span> 
     </span>
     <span class='ocr_line' id='line_1_39' title="bbox 234 2449 535 2486; baseline 0.007 -2"><span class='ocrx_word' id='word_1_277' title='bbox 234 2457 271 2484; x_wconf 88' lang='lat' dir='ltr'>et</span> <span class='ocrx_word' id='word_1_278' title='bbox 304 2449 535 2486; x_wconf 86' lang='lat' dir='ltr'>Bernhardi.</span> 
     </span>
     <span class='ocr_line' id='line_1_40' title="bbox 291 2501 1773 2554; baseline -0.007 -12"><span class='ocrx_word' id='word_1_279' title='bbox 291 2506 516 2554; x_wconf 86' lang='lat' dir='ltr'>Capitulum</span> <span class='ocrx_word' id='word_1_280' title='bbox 570 2506 752 2554; x_wconf 89' lang='lat' dir='ltr'>quintum</span> <span class='ocrx_word' id='word_1_281' title='bbox 802 2503 955 2541; x_wconf 85' lang='lat' dir='ltr'>dubitat</span> <span class='ocrx_word' id='word_1_282' title='bbox 1008 2505 1038 2541; x_wconf 90' lang='lat' dir='ltr'>si</span> <span class='ocrx_word' id='word_1_283' title='bbox 1084 2502 1264 2540; x_wconf 88' lang='lat' dir='ltr'>Christus</span> <span class='ocrx_word' id='word_1_284' title='bbox 1316 2501 1542 2539; x_wconf 86' lang='lat' dir='ltr'>dominatus</span> <span class='ocrx_word' id='word_1_285' title='bbox 1615 2504 1773 2540; x_wconf 81' lang='lat' dir='ltr'>Chap.v.</span> 
     </span>
     <span class='ocr_line' id='line_1_41' title="bbox 175 2558 1543 2611; baseline -0.004 -13"><span class='ocrx_word' id='word_1_286' title='bbox 175 2575 218 2606; x_wconf 86' lang='lat'>40</span> <span class='ocrx_word' id='word_1_287' title='bbox 234 2562 305 2599; x_wconf 90' lang='lat' dir='ltr'>fuit</span> <span class='ocrx_word' id='word_1_288' title='bbox 337 2563 514 2610; x_wconf 88' lang='lat' dir='ltr'>civiliter,</span> <span class='ocrx_word' id='word_1_289' title='bbox 549 2573 585 2599; x_wconf 88' lang='lat' dir='ltr'>et</span> <span class='ocrx_word' id='word_1_290' title='bbox 617 2564 805 2607; x_wconf 90' lang='lat' dir='ltr'>secundo,</span> <span class='ocrx_word' id='word_1_291' title='bbox 841 2561 1114 2611; x_wconf 86' lang='lat' dir='ltr'>principaliter</span> <span class='ocrx_word' id='word_1_292' title='bbox 1138 2559 1344 2597; x_wconf 87' lang='lat' dir='ltr'>recitando</span> <span class='ocrx_word' id='word_1_293' title='bbox 1367 2558 1543 2607; x_wconf 86' lang='lat' dir='ltr'>quinque</span> 
     </span>
     <span class='ocr_line' id='line_1_42' title="bbox 236 2618 1544 2668; baseline -0.004 -12"><span class='ocrx_word' id='word_1_294' title='bbox 236 2622 376 2657; x_wconf 86' lang='lat' dir='ltr'>modos</span> <span class='ocrx_word' id='word_1_295' title='bbox 420 2621 611 2668; x_wconf 85' lang='lat' dir='ltr'>regnandi</span> <span class='ocrx_word' id='word_1_296' title='bbox 656 2620 817 2666; x_wconf 88' lang='lat' dir='ltr'>Christi,</span> <span class='ocrx_word' id='word_1_297' title='bbox 870 2619 1028 2668; x_wconf 82' lang='lat' dir='ltr'>exponit</span> <span class='ocrx_word' id='word_1_298' title='bbox 1073 2618 1296 2655; x_wconf 88' lang='lat' dir='ltr'>evidencias</span> <span class='ocrx_word' id='word_1_299' title='bbox 1340 2625 1376 2657; x_wconf 85' lang='lat' dir='ltr'>et</span> <span class='ocrx_word' id='word_1_300' title='bbox 1419 2628 1544 2663; x_wconf 78' lang='lat' dir='ltr'>oppo-</span> 
     </span>
    </p>
   </div>
   <div class='ocr_carea' id='block_1_3' title="bbox 305 2811 657 2841">
    <p class='ocr_par' dir='ltr' id='par_1_3' title="bbox 305 2811 657 2841">
     <span class='ocr_line' id='line_1_43' title="bbox 305 2811 657 2841; baseline -0.014 0"><span class='ocrx_word' id='word_1_301' title='bbox 305 2812 345 2841; x_wconf 67' lang='lat'>16.</span> <span class='ocrx_word' id='word_1_302' title='bbox 367 2811 461 2841; x_wconf 72' lang='lat' dir='ltr'>Cod,:</span> <span class='ocrx_word' id='word_1_303' title='bbox 484 2811 657 2840; x_wconf 72' lang='lat' dir='ltr'>ostendunt.</span> 
     </span>
    </p>
   </div>
  </div>
 </body>
</html>
