2050 3292
196 1135 228 1166 15

192 1434 232 1454 ’ΖΟ

248 217 337 244 cAv.
358 205 470 262 xxxa]
714 217 848 248 muttit
875 216 1083 247 TERTIUS.

247 338 316 361 suo
339 324 494 371 signato
519 336 601 360 esse
623 325 767 359 bonam
805 330 840 358 et
869 322 951 358 vult
979 321 1215 357 antecedens
1246 329 1281 357 et
1305 332 1554 368 consequens

247 381 422 419 converti
448 390 482 418 et
512 393 607 424 esse,
642 389 679 417 et
711 390 844 416 tamen
879 392 958 415 non
992 379 1073 415 vult
1107 378 1281 426 primum
1316 378 1420 414 illius
1445 386 1553 414 ante-

247 439 436 485 cedentis,
483 447 523 474 ut
554 446 661 486 patet
694 438 741 473 de
774 437 846 473 ista
880 436 1190 484 consequencia:
1234 438 1367 472 Petrus
1401 444 1551 483 peccat,

246 510 339 544 ergo
372 496 552 544 punitur3
594 497 701 531 Deus
735 495 834 531 enim
868 495 949 530 vult
980 503 1187 541 peccatum
1223 494 1325 529 Petri
1359 494 1464 541 quod
1498 501 1553 529 est

246 556 483 591 antecedens
531 555 597 590 sed
641 565 721 589 non
765 552 846 589 vult
890 554 1046 587 Petrum
1094 563 1273 599 peccare,
1327 550 1418 586 licet
1462 550 1554 586 velit

246 621 451 661 peccatum
497 624 611 647 suum
658 623 741 646 esse
786 618 822 646 et
864 609 1093 651 informare,
1150 609 1241 657 quia
1294 610 1422 656 quoad
1470 620 1554 643 esse

245 671 479 713 secundum,
525 677 560 704 et
605 668 661 704 sic
695 670 765 704 hec
799 667 1046 715 proposicio:
1089 669 1193 703 Deus
1226 666 1307 701 vult
1346 674 1551 714 peccatum

247 727 350 764 Petri
396 736 452 763 est
495 725 686 774 equivoca
730 727 777 761 ad
824 725 942 761 istum
976 737 1157 761 sensum:
1198 726 1301 759 Deus
1333 724 1416 759 vult
1448 725 1555 771 quod

247 787 406 821 Petrum
455 796 621 832 peccare
665 784 713 819 sit
746 785 908 819 bonum.
962 782 1119 818 Primus
1158 794 1295 818 sensus
1329 790 1386 818 est
1418 782 1553 825 falsus,

247 843 337 891 quia
371 842 485 878 aliter
517 844 622 877 Deus
656 840 911 877 necessitaret
944 848 1071 876 totum
1102 837 1106 892 Ι
1136 853 1280 887 corpus
1315 839 1471 886 dyaboli
1505 840 1553 874 ad

246 901 491 949 peccandum
540 908 576 936 et
621 899 825 935 ordinaret
869 898 1095 934 eternaliter
1139 906 1182 933 ut
1220 906 1328 933 totus
1361 897 1555 944 dyabolus

247 958 302 995 sic
348 966 541 1006 peccaret,
596 956 663 1005 qui
708 957 747 991 in
793 964 989 1004 quantum
1036 955 1092 991 sic
1137 964 1275 1002 peccat
1327 967 1406 991 non
1463 954 1556 990 facit

248 1024 386 1052 contra
420 1015 490 1051 Dei
525 1013 818 1062 beneplacitum
852 1014 912 1049 vel
944 1022 1192 1061 preceptum,
1228 1026 1315 1049 cum
1350 1021 1443 1048 tunc
1467 1024 1554 1059 pre-

248 1074 396 1121 ciperet
429 1082 465 1109 et
488 1073 604 1109 vellet
638 1071 1025 1119 contradiccionem;
1062 1080 1099 1107 et
1131 1070 1186 1108 sic
1221 1072 1266 1107 de
1302 1070 1434 1106 multis
1468 1070 1555 1106 aliis

246 1130 619 1167 inconvenientibus
664 1141 741 1177 que
786 1129 921 1165 reduxi
967 1138 1105 1165 contra
1150 1128 1384 1176 opinionem
1433 1140 1552 1175 quam

245 1189 400 1225 videtur
434 1191 646 1225 Doctorem
683 1188 925 1223 Profundum
961 1188 1113 1225 debere.
1168 1187 1376 1223 Secundus
1421 1194 1554 1222 autem

247 1260 384 1283 sensus
430 1256 487 1283 est
519 1259 646 1295 verus,
691 1258 780 1281 cum
816 1247 921 1281 Deus
966 1244 1194 1281 eternaliter
1238 1244 1399 1280 ordinat
1438 1255 1555 1280 omne

247 1313 452 1352 peccatum
477 1304 671 1352 proficere
696 1313 730 1339 et
753 1302 808 1339 sic
833 1315 935 1347 esse;
959 1315 1031 1339 nec
1056 1302 1170 1339 aliter
1194 1311 1326 1350 posset
1351 1301 1553 1338 hominem

247 1362 478 1410 permittere
511 1373 689 1410 peccare,
735 1361 809 1396 nisi
855 1360 1049 1408 placuerit
1093 1360 1166 1401 sibi
1210 1369 1419 1407 peccatum
1462 1371 1556 1407 esse,

247 1433 382 1468 ymmo
415 1433 495 1456 non
528 1420 627 1456 foret
660 1431 795 1454 verum
830 1420 888 1454 vel
921 1431 941 1454 a
967 1421 1050 1455 Deo
1088 1418 1293 1466 cognitum
1328 1418 1436 1466 quod
1469 1416 1555 1465 quis

248 1486 398 1526 peccat,
432 1477 507 1514 nisi
542 1486 750 1524 peccatum
787 1477 950 1512 haberet
989 1487 1071 1513 esse
1104 1477 1322 1512 secundum
1358 1476 1465 1523 quod
1500 1483 1556 1510 est

248 1535 440 1583 proficere
480 1548 501 1571 a
540 1537 623 1570 Deo
669 1534 899 1571 ordinatum
946 1533 1173 1570 eternaliter
1216 1542 1334 1581 atque
1379 1534 1555 1581 placens.

248 1594 361 1630 Unde
392 1592 483 1629 vani
526 1601 617 1628 sunt
663 1605 774 1628 casus
819 1591 962 1640 quibus
1004 1590 1168 1639 ponitur
1199 1593 1307 1639 quod
1346 1599 1553 1639 peccatum

247 1660 425 1688 servetur
457 1650 496 1686 in
533 1662 616 1687 esse
649 1663 731 1696 suo,
766 1650 897 1697 primo
931 1651 1037 1697 quod
1073 1658 1130 1686 est
1164 1649 1332 1685 deficere
1365 1649 1447 1684 sine
1473 1660 1556 1684 esse

215 1713 332 1754 Zsuo,
378 1709 553 1745 secundo
598 1709 705 1755 quod
752 1717 809 1744 est
847 1708 1055 1755 proficere,
1102 1707 1196 1755 quia
1230 1719 1313 1743 esse
1346 1707 1443 1742 illud
1476 1718 1555 1741 non

247 1775 303 1802 est
349 1778 444 1807 esse,
489 1768 557 1802 sed
601 1774 808 1812 peccatum
856 1775 955 1801 esset
989 1775 1026 1802 et
1070 1778 1151 1801 non
1191 1773 1303 1808 esset,
1337 1764 1557 1812 prevaleret

247 1824 371 1860 eciam
426 1832 565 1860 contra
614 1826 756 1859 Deum.
824 1824 935 1859 Unde
987 1823 1105 1870 logici
1158 1824 1403 1859 contendunt
1452 1822 1556 1858 circa

247 1883 395 1918 dictum
441 1881 594 1917 domini
641 1881 938 1928 Lyncolniensis
982 1883 1030 1917 de
1076 1893 1159 1917 esse
1205 1882 1333 1928 primo
1386 1879 1555 1928 peccati.

246 1941 413 1975 Videtur
447 1939 550 1975 enim
585 1940 694 1986 quod
727 1951 808 1975 non
842 1939 890 1975 sit
923 1951 1005 1975 esse
1039 1940 1105 1974 sed
1139 1940 1275 1974 deesse
1309 1947 1345 1974 et
1379 1938 1434 1974 sic
1458 1937 1556 1973 illud

247 1999 352 2045 quod
399 2006 564 2033 vocatur
608 2009 690 2032 esse
735 1998 955 2032 secundum
1001 1996 1156 2044 peccati
1200 1996 1302 2032 foret
1346 1996 1428 2032 eius
1474 2007 1556 2031 esse

246 2055 434 2103 primum.
489 2057 536 2090 Et
569 2054 711 2090 iterum
745 2055 900 2090 videtur
932 2054 1027 2090 utile
1060 2054 1143 2090 fore
1176 2062 1386 2101 peccatum
1421 2055 1556 2089 deesse

246 2113 325 2149 sive
359 2112 541 2149 deficere.
573 2113 693 2149 Tales
727 2121 815 2148 sunt
849 2111 964 2148 multi
996 2111 1176 2148 obiectus
1200 2111 1441 2148 incertantes
1474 2120 1554 2147 tam

246 2170 455 2206 scolastice
499 2182 619 2218 quam
666 2170 883 2215 moraliter,
938 2170 1030 2218 quia
1084 2170 1251 2205 materia
1300 2169 1453 2217 peccati
1499 2177 1556 2204 est

248 2228 372 2276 magis
404 2227 624 2263 insolubilis
658 2227 759 2263 iuter
793 2240 945 2263 omnes.
980 2228 1133 2263 Dicitur
1165 2228 1284 2275 igitur
1317 2229 1421 2275 quod
1457 2235 1557 2262 esset

191 2289 220 2320 3
248 2286 482 2333 equivocum
518 2285 691 2333 primum
727 2298 810 2322 esse
850 2294 886 2321 et
919 2287 1053 2322 deesse
1086 2285 1258 2333 peccati;
1305 2294 1340 2320 et
1373 2284 1429 2321 sic
1460 2285 1557 2320 illud

247 2343 420 2391 primum
457 2356 538 2379 esse
572 2343 723 2390 peccati
756 2356 836 2379 non
869 2352 925 2379 est
958 2356 1054 2389 esse,
1097 2344 1163 2379 sed
1210 2344 1344 2379 deesse
1377 2342 1457 2378 sive
1490 2343 1555 2378 de-

190 2426 194 2429 -
248 2402 377 2446 ficere,
419 2410 455 2437 et
487 2401 540 2437 ita
574 2410 630 2437 est
664 2414 785 2436 unum
822 2413 904 2437 esse
937 2401 1046 2448 prius
1085 2410 1176 2437 ante
1209 2401 1430 2448 profectum
1466 2411 1556 2447 pec-

189 2587 233 2617 40

199 2464 209 2476 ⁰
249 2459 337 2503 cati,
384 2460 430 2494 de
463 2471 543 2506 quo
576 2459 659 2494 sine
689 2459 693 2507 Ι
722 2458 1047 2495 contradiccione
1093 2458 1326 2495 conceditur
1358 2459 1465 2505 quod
1499 2466 1557 2493 est

247 2530 328 2553 non
361 2529 461 2561 esse;
509 2526 545 2552 et
590 2516 644 2552 sic
678 2517 813 2553 deesse
845 2517 904 2552 vel
937 2516 1105 2552 deficere
1144 2515 1299 2564 peccati
1333 2524 1465 2563 potest
1497 2515 1555 2550 in-

248 2574 369 2621 telligi
401 2573 606 2610 transitive
638 2583 681 2610 ut
714 2583 771 2610 est
803 2583 1010 2621 peccatum
1039 2575 1100 2610 vel
1132 2573 1352 2610 subiectum
1388 2572 1556 2609 deficere

246 2633 360 2668 vela
409 2632 588 2668 subiecto
632 2633 810 2668 ordinem
858 2634 1004 2678 deesse,
1049 2632 1109 2668 vel
1152 2640 1282 2679 potest
1328 2630 1556 2679 proposicio

248 2823 271 2851 C
296 2796 358 2850 d27.
387 2789 479 2845 Cod:
508 2789 619 2824 logice.
692 2788 738 2823 34.
766 2793 854 2817 esset.
883 2789 976 2818 eod:
1006 2798 1080 2816 esse.
1164 2788 1204 2816 35.
1229 2789 1361 2823 primum
1387 2797 1451 2816 esre
1475 2788 1554 2822 (sic).

275 2833 291 2850 o
320 2832 341 2849 .:
361 2826 412 2858 p'o
426 2831 467 2849 1111.

1760 215 1838 255 575

1641 1596 1694 1625 Sin
1720 1595 1775 1622 has

1637 1631 1780 1666 properly

1602 1667 1748 1699 speaking:
1772 1673 1810 1692 no

1582 1702 1680 1736 being,
1703 1702 1755 1728 but
1776 1701 1801 1729 is
1821 1711 1836 1729 a

1658 1742 1749 1763 waut-
