2050 3292
281 217 369 249 CAP.
390 208 518 265 XXVI]
752 217 886 253 maria
912 217 1120 253 TERTms..
1793 206 1872 257 613

280 331 399 367 habet
432 327 621 378 quicquid
655 329 701 364 de
735 326 819 363 iure
852 335 1097 375 competeret
1129 339 1200 363 suo
1233 325 1351 362 statui
1378 336 1449 372 pro
1474 323 1586 372 signo

282 390 386 433 dato,
422 395 463 422 ut
495 386 568 422 fuit
601 387 647 421 de
670 386 795 422 Adam
831 394 866 421 et
888 385 971 420 Eva
1004 384 1043 420 in
1075 384 1262 432 paradiso
1287 392 1323 419 et
1357 383 1404 418 de
1429 381 1586 418 Christo

281 455 318 482 et
348 445 474 481 Maria
518 444 557 479 in
603 444 677 479 hoc
722 444 856 480 seculo
902 451 938 478 et
983 441 1082 478 forte
1121 443 1168 478 de
1203 440 1336 477 multis
1370 438 1515 476 sanctis
1549 439 1588 474 in

284 502 419 538 mortis
459 501 638 539 articulo.
691 502 738 536 Et
777 502 824 536 de
863 500 929 536 illa
969 507 1097 547 potest
1136 498 1301 546 intelligi
1335 498 1431 534 illud
1464 497 1587 532 Math.

249 562 379 606 5XIX,
405 571 474 597 21:
508 560 551 594 Si
582 559 636 595 vis
660 559 860 607 pezfectus
891 569 983 603 esse,
1018 558 1113 592 vade
1146 564 1180 592 et
1212 557 1328 592 vende
1361 555 1486 591 omnia
1520 565 1589 602 que

280 619 405 656 habes.
458 616 581 653 Civile
619 615 781 664 quidem
821 614 1044 651 dominium
1084 627 1163 650 non
1201 622 1276 650 stat
1315 613 1397 650 sine
1430 611 1586 657 veniali,

281 685 323 711 ut
356 683 465 723 patet
498 687 540 710 ex
579 673 708 720 dictis,
752 673 842 709 ideo
886 685 1004 708 nemo
1053 671 1292 708 continuans
1325 670 1364 707 in
1399 669 1588 706 civilitate

281 745 407 781 usque
439 733 487 769 ad
522 740 690 768 mortem
726 743 837 767 suam
872 729 1103 766 immediate
1137 739 1226 777 post
1259 741 1345 765 eam
1381 728 1429 764 ad
1460 727 1588 763 celum

282 791 458 837 advolat3
511 789 633 826 tercio
687 788 831 825 dicitur
884 797 1065 824 creatura
1117 788 1291 835 perfecta
1340 784 1588 832 simpliciter,

230 862 267 882 10
283 849 443 896 quando
478 856 533 883 est
566 847 605 882 in
638 859 796 882 summo
820 847 946 894 gradu
971 845 1233 893 perfeccionis
1256 844 1329 880 sibi
1354 837 1588 893 possibilis,{

165 907 244 949 248⁶
282 915 324 942 ut
357 905 461 942 beati
493 905 534 941 in
569 904 709 952 patria.
744 906 819 940 Pro
848 916 926 951 qua
959 902 1208 950 perfeccione
1231 901 1418 937 scribitur
1452 901 1476 939 Ι,
1499 901 1589 937 Cor.

281 965 378 1011 XIII,
408 975 475 1001 10:
525 961 619 999 Cum
665 962 810 998 venerit
852 962 951 1010 quod
990 961 1208 1009 perfectmn
1242 967 1309 1002 est,
1342 957 1591 994 evacuabitur

282 1022 382 1071 qnod
425 1032 475 1057 ex
511 1027 629 1070 parte
671 1027 736 1058 est.
787 1021 902 1055 Tunc
947 1019 1050 1054 enirn
1085 1029 1342 1054 occurremus
1376 1027 1514 1053 omnes
1555 1015 1589 1050 in

283 1080 408 1116 virum
434 1079 651 1128 perfectum
686 1078 784 1125 Eph.
819 1077 880 1123 IV,
912 1088 974 1125 13.

231 1139 265 1171 15
340 1137 525 1174 Secundo
567 1135 737 1172 obicitur
782 1147 850 1182 per
895 1135 982 1180 hoc,
1034 1133 1065 1169 si
1110 1146 1182 1169 nos
1233 1132 1332 1180 lapsi
1378 1143 1591 1180 peccamus
1609 1135 1713 1162 Venia}
1735 1135 1780 1162 sin
1804 1135 1878 1163 does

283 1194 483 1239 continue,
518 1202 614 1230 tunc
638 1192 826 1229 continue
860 1193 1126 1237 demeremur,
1161 1203 1297 1238 ymmo
1327 1202 1415 1225 cum
1440 1201 1519 1225 non
1543 1188 1591 1224 sit
1636 1175 1851 1238 denaqtefiffyuffffi

282 1252 483 1301 possibile,
528 1263 600 1288 nos
643 1259 797 1287 tantum
844 1249 986 1286 mereri
1018 1249 1079 1285 vel
1112 1251 1238 1284 Deum
1274 1247 1448 1295 diligere,
1494 1246 1591 1294 quin
1624 1240 1861 1267 lessensmerjt.

283 1312 370 1359 plus
402 1321 627 1358 possumus,
661 1308 816 1345 videtur
849 1308 956 1355 quod
988 1306 1215 1343 necessitati
1248 1318 1385 1342 sumus
1418 1305 1467 1340 ad
1501 1316 1590 1351 pec—

283 1370 468 1406 candum.
521 1367 595 1403 Hic
628 1366 774 1403 dicitur
811 1366 995 1413 negando
1034 1364 1206 1412 primam
1240 1362 1588 1411 consequenciam,

227 1438 373 1463 ‘mcum
416 1425 567 1462 nudum
610 1433 817 1473 peccatum
852 1422 1003 1459 veniale
1047 1435 1128 1459 non
1165 1421 1318 1458 inducit
1351 1420 1589 1457 demeritum

283 1485 350 1521 sed
385 1483 528 1519 minuit
562 1482 762 1520 meritum.

340 1544 388 1578 Et
410 1541 578 1578 obicitur
601 1541 723 1588 quod,
747 1539 777 1575 si
807 1540 929 1574 homo
953 1537 1008 1574 sic
1035 1538 1241 1586 peccando
1276 1545 1462 1579 meretur,
1496 1544 1592 1572 tunc

283 1601 371 1647 plus
410 1599 613 1647 peccando
653 1599 741 1646 plus
782 1605 970 1633 meretur,
1025 1595 1181 1632 Dicitur
1213 1595 1319 1643 quod
1353 1592 1590 1642 gerundium

283 1656 512 1694 huiusmodi
556 1664 687 1704 potest
731 1654 899 1702 intelligi
943 1652 1169 1702 dupliciter,
1214 1653 1275 1689 vel
1317 1650 1593 1700 temporaliter

226 1716 342 1751 25vel
375 1714 607 1760 causaliter-3
640 1712 916 1761 temporaliter
949 1720 1006 1748 est
1034 1723 1171 1748 verum
1205 1710 1313 1758 quod
1347 1710 1468 1746 homo
1496 1710 1590 1744 dum

284 1781 433 1821 peccat,
468 1781 641 1809 meretur
664 1780 700 1807 et
724 1772 818 1807 dum
844 1769 998 1806 diucius
1020 1778 1159 1816 peccat
1182 1767 1400 1810 venialiter,
1437 1766 1592 1803 diucius

284 1839 471 1879 meretur,
505 1831 571 1867 sed
606 1828 819 1866 causaliter
850 1840 931 1864 non
965 1835 1023 1864 est
1044 1839 1180 1863 verum
1205 1827 1312 1875 quod
1336 1825 1429 1873 quia
1454 1832 1592 1873 peccat

282 1888 505 1934 venialiter,
551 1888 641 1924 ideo
687 1895 879 1938 meretur3
930 1885 1021 1922 licet
1066 1885 1171 1922 enim
1217 1896 1336 1920 omne
1381 1891 1589 1931 peccatum

284 1947 435 1983 veniale
478 1944 734 1994 predestinati
779 1943 1004 1980 necessario
1050 1941 1345 1979 concomitatur
1391 1940 1592 1987 meritum,

227 2007 419 2041 30tamen
462 2017 542 2040 non
586 2003 682 2039 illud
727 2011 935 2051 peccatum
983 2001 1051 2037 sed
1095 2000 1231 2049 gracia
1272 2011 1461 2036 excusans
1493 1998 1592 2033 illud

285 2071 493 2110 peccatum
528 2070 664 2098 causat
703 2060 901 2097 meritum.
947 2058 1120 2096 Ulterius
1165 2058 1298 2106 quoad
1343 2063 1590 2103 assumptum

285 2122 332 2156 de
365 2119 534 2156 termino
568 2119 698 2155 meriti
731 2117 893 2155 viatoris
927 2116 1072 2153 dicitur
1104 2117 1210 2165 quod
1255 2115 1357 2152 sicut
1402 2123 1459 2151 est
1497 2114 1592 2149 dare

285 2188 479 2226 quantum
525 2178 575 2214 ad
608 2177 824 2213 maximum
861 2175 1001 2211 mereri
1035 2187 1260 2222 possumus,
1307 2173 1361 2209 sic
1407 2181 1465 2209 est
1498 2172 1593 2207 dare

286 2235 498 2272 maximam
535 2234 797 2283 capacitatem
845 2232 986 2281 premii
1030 2232 1070 2268 in
1119 2240 1305 2277 merente,
1351 2230 1451 2266 sicut
1484 2236 1593 2277 patet

229 2295 333 2329 35de
366 2293 523 2330 Christo
569 2292 679 2328 cuius
723 2301 806 2327 tota
851 2289 1052 2338 capacitas
1085 2289 1284 2337 possibilis
1324 2296 1380 2324 est
1413 2287 1588 2335 impleta.

342 2353 396 2386 Ex
440 2363 519 2399 quo
564 2358 671 2398 patet
714 2350 820 2398 quod
864 2361 945 2384 non
990 2357 1046 2383 est
1079 2346 1313 2395 simpliciter
1345 2343 1624 2393 impossibile,
1672 2345 1834 2384 [tw-not,

167 2414 246 2453 zur
285 2408 477 2445 viatorem
531 2417 619 2456 post
671 2408 826 2455 lapsum
882 2407 1011 2442 colere
1046 2401 1049 2457 1
1085 2414 1205 2453 atque
1257 2403 1418 2450 diligere
1464 2405 1590 2438 Deum
1612 2380 1878 2442 {inffisssssfflfflfvfe

285 2475 477 2514 quantum
508 2474 652 2513 potest,
688 2465 779 2513 quia
803 2465 1021 2500 secundum
1046 2462 1233 2498 ultimum
1259 2460 1441 2509 potencie
1464 2458 1592 2506 diligit
1624 2450 1861 2511 Uffg'jsttoofflffis

285 2525 413 2560 Deum
447 2522 515 2572 qui
549 2524 745 2560 subducta
778 2520 1012 2569 ignorancia
1043 2532 1183 2557 omnes
1206 2518 1309 2555 vires
1343 2527 1378 2554 et
1408 2519 1498 2554 data
1521 2529 1592 2552 sua
1685 2526 1800 2553 power.

227 2595 271 2625 4o
285 2594 357 2630 pro
402 2590 583 2629 tempore
628 2580 784 2628 signato
817 2580 1036 2616 secundum
1072 2576 1374 2614 estimacionem
1409 2587 1522 2611 suam
1555 2582 1592 2610 et

285 2639 344 2675 sui
377 2638 663 2675 sufficienciam
699 2637 810 2686 ponit
844 2637 882 2673 in
916 2636 986 2672 Dei
1020 2635 1245 2676 servicium,
1280 2633 1381 2670 sicut
1410 2632 1591 2670 Christus

285 2697 376 2733 fecit
409 2697 610 2746 loquendo
644 2696 689 2732 de
722 2708 837 2744 posse
870 2696 998 2742 loyco,
1033 2696 1149 2730 beata
1182 2693 1292 2740 virgo
1315 2692 1518 2739 loquendo
1544 2690 1591 2726 de

355 2831 400 2857 2⁴3.
421 2831 509 2857 After
527 2829 700 2863 venialiter,
721 2827 848 2855 diucius.
871 2827 963 2855 Coa:
986 2825 1122 2853 dict'mus.
1195 2823 1241 2859 39.
1263 2824 1356 2857 datam
1377 2824 1415 2850 ita
1436 2823 1505 2851 cod.
