2050 3292
216 242 296 290 536

278 1055 347 1082 God
370 1055 424 1082 has

266 1090 386 1117 formed
408 1098 443 1116 us

230 1125 395 1160 variously,
416 1125 477 1151 und

245 1160 319 1186 each
342 1159 452 1186 should

251 1195 315 1221 lead
339 1194 390 1221 the
411 1194 460 1221 life

220 1229 284 1256 that
304 1229 329 1256 is
351 1229 417 1255 best
442 1230 489 1256 for

313 1264 387 1291 him.

933 249 994 280 DE
1022 249 1156 280 elvim
1184 249 1395 280 DOMINIO.
1573 237 1681 290 [CAP.
1702 245 1813 274 xxiv.

497 362 658 403 peccant
678 354 744 404 qui
765 366 908 405 magno
932 354 1027 390 bono
1045 355 1256 403 preferunt
1279 355 1473 391 mediocre
1499 355 1649 392 bonum.
1680 355 1816 391 Nonne

503 413 791 449 racionabiliter
832 413 944 448 homo
990 412 1218 462 dignitatem
1252 412 1404 458 amittit,
1450 412 1514 461 qui
1544 413 1603 448 vel
1635 412 1814 449 ieiunium

503 470 659 506 caritati
689 470 748 506 vel
780 470 936 520 vigilias
974 470 1132 519 prefert
1163 482 1296 506 sensus
1327 470 1545 521 integritati
1575 477 1614 505 ut
1649 477 1816 520 propter

502 528 772 564 abstinenciam
818 527 1100 564 inmoderatam
1145 535 1256 576 atque
1292 527 1540 564 indiscretam
1569 528 1814 577 psalmorum

504 586 564 621 vel
595 585 816 635 officiorum
850 586 967 621 decan
997 581 1001 638 Ι
1031 585 1196 621 tancium
1240 593 1306 621 aut
1349 585 1518 621 amencie
1562 592 1627 621 aut
1658 585 1816 621 tristicie
1856 597 1919 628 217

504 651 630 680 notam
676 643 884 680 incurrat?
935 643 1134 691 Numquid
1178 644 1383 679 verborum
1419 643 1532 693 flecti
1572 643 1816 679 multitudine

503 702 611 737 Deus
643 709 684 736 ut
715 702 827 737 homo
856 701 1012 750 potest?
1044 701 1130 737 Non
1154 701 1250 736 enim
1276 701 1401 737 verbis
1424 708 1571 737 tantum
1600 702 1669 737 sed
1700 702 1816 737 corde

504 760 676 795 orandus
708 767 763 795 est
796 759 913 797 Deus.
965 759 1213 808 Quapropter
1251 759 1388 794 melior
1425 766 1480 795 est
1517 759 1678 808 quinque
1704 771 1817 808 pres-

504 817 715 853 biterorum
761 817 933 852 cantacio
978 829 1061 852 cum
1095 817 1225 852 cordis
1263 817 1438 865 puritate
1468 829 1514 852 ac
1544 817 1752 853 serenitate
1783 824 1816 852 et

502 875 700 924 spirituali
768 875 966 910 hilaritate
1036 886 1148 923 quam
1206 874 1388 923 psalterii
1443 875 1659 911 modulacio
1731 887 1815 910 cum
1837 886 1874 906 10

504 932 702 969 anxietate
724 933 855 969 cordis
872 939 984 980 atque
1006 932 1180 968 tristicia.
1205 932 1382 968 intencio
1401 931 1519 980 igitur
1542 940 1599 968 est
1621 931 1817 979 scripture

505 998 541 1026 et
572 998 801 1027 sanctorum
836 991 944 1038 quod
966 990 1033 1026 illa
1056 998 1224 1037 prosunt
1247 989 1447 1038 aliquibus
1477 1002 1554 1037 que
1577 989 1663 1027 aliis
1687 990 1817 1026 forent

503 1048 687 1087 obnoxia.
730 1049 823 1084 Ideo
869 1061 958 1084 cum
993 1050 1099 1084 Deus
1143 1061 1223 1084 non
1257 1056 1388 1095 potest
1425 1048 1632 1084 consulere
1663 1047 1816 1084 homini

504 1107 554 1142 ad
598 1105 658 1143 sui
702 1105 1078 1151 deterioracionem⁷
1124 1114 1234 1153 patet
1279 1107 1388 1154 quod
1420 1105 1602 1142 senciens
1634 1107 1694 1142 vel
1726 1117 1817 1153 pro-

504 1163 688 1200 babiliter
722 1165 887 1200 credens
920 1176 963 1200 ex
996 1164 1056 1200 sui
1089 1163 1304 1211 fragilitate
1344 1175 1427 1200 esse
1460 1163 1533 1200 sibi
1568 1176 1650 1200 non
1681 1162 1817 1200 utilius
1838 1164 1873 1196 15

504 1221 672 1270 obligari
725 1224 774 1258 ad
827 1222 904 1258 alia
951 1221 1117 1258 consilia
1170 1234 1289 1269 quam
1338 1221 1506 1257 vivendo
1559 1233 1815 1258 communem

504 1279 624 1316 vitam
678 1281 890 1316 observare
942 1281 1079 1316 decem
1125 1287 1313 1327 precepta
1347 1278 1542 1327 decalogi.
1588 1281 1693 1316 Deus
1736 1291 1817 1316 non

505 1337 677 1374 consulit
708 1338 777 1374 tali
810 1346 853 1373 ut
885 1337 1171 1385 precipitanter
1203 1349 1243 1373 se
1272 1337 1419 1384 obliget
1442 1338 1491 1373 ad
1515 1337 1815 1374 observanciam

504 1395 764 1442 stricciorem,
798 1397 866 1432 sed
891 1395 1108 1443 quemlibet
1140 1395 1171 1431 si
1204 1408 1285 1431 non
1319 1403 1443 1442 ponat
1471 1394 1626 1431 obicem
1651 1394 1818 1431 inclinat

503 1455 553 1489 ad
585 1453 659 1489 sibi
691 1452 840 1499 utilius,
887 1453 1020 1489 dando
1063 1453 1280 1501 unicuique
1325 1453 1394 1489 tali
1425 1452 1610 1500 spiritum
1650 1452 1816 1491 consilii.
1833 1463 1874 1484 20

503 1511 615 1547 Sicut
659 1511 764 1547 enim
810 1511 954 1558 figulus
998 1511 1121 1548 libere
1164 1511 1259 1547 facit
1305 1523 1348 1547 ex
1381 1513 1519 1547 eadem
1562 1523 1692 1547 massa
1722 1522 1817 1547 vasa

501 1568 608 1606 varie
657 1568 849 1617 disposita
896 1570 946 1604 ad
990 1569 1258 1605 contumeliam
1299 1569 1359 1604 vel
1389 1569 1587 1614 honorem,
1635 1576 1676 1605 ut
1708 1577 1818 1616 patet

502 1628 528 1664 I.
564 1628 656 1666 Cor.
692 1628 753 1673 IX,
788 1627 844 1663 sic
876 1627 983 1662 Deus
1015 1628 1082 1662 dat
1114 1627 1310 1675 unicuique
1354 1626 1554 1663 naturalia
1598 1627 1816 1663 secundum

502 1684 766 1733 capacitatem
801 1684 1001 1732 disparem
1039 1683 1170 1720 meriti
1210 1693 1247 1721 et
1292 1683 1563 1730 beatitudinis,
1609 1684 1664 1721 ita
1711 1683 1819 1732 quod

501 1742 703 1779 neminem
737 1750 868 1790 potest
901 1742 1156 1780 inhabilitare
1188 1741 1424 1790 simpliciter
1452 1743 1500 1779 ad
1525 1741 1813 1779 beatitudinem
1833 1742 1873 1775 25

500 1801 560 1836 vel
605 1802 654 1837 ad
701 1800 832 1837 media
879 1800 1105 1837 necessaria
1138 1801 1187 1836 ad
1233 1802 1416 1837 eandem.
1472 1799 1663 1846 Quamvis
1711 1799 1816 1836 enim

500 1871 625 1894 unum
657 1867 770 1895 vocet
802 1858 843 1894 in
876 1859 1002 1906 gradu
1031 1854 1035 1910 Ι
1065 1858 1247 1904 bassiori,
1287 1858 1505 1906 quemlibet
1546 1866 1681 1894 tamen
1714 1857 1816 1894 chri·
1859 1857 1938 1889 218⁸

501 1915 673 1952 stianum
705 1925 822 1953 vocat
845 1917 886 1952 in
909 1917 1035 1964 gradu
1058 1915 1270 1952 sufficienti
1294 1915 1349 1952 sic
1373 1917 1480 1964 quod
1509 1924 1617 1952 totus
1641 1916 1817 1952 defectus

502 1974 698 2010 redundat
735 1973 776 2010 in
809 1974 1014 2011 hominem
1051 1973 1197 2010 Christi
1232 1973 1397 2010 consilia
1437 1973 1717 2012 dimittentem.
1771 1975 1818 2010 Et

502 2040 610 2079 patet
643 2034 751 2080 quod
786 2031 981 2079 contingit
1006 2031 1090 2068 sine
1114 2040 1281 2079 peccato
1314 2031 1473 2068 mortali
1507 2031 1657 2078 ludere,
1685 2043 1818 2068 corne-
1835 2033 1876 2065 30

502 2091 594 2126 dere
639 2099 676 2126 et
719 2089 832 2126 letari
877 2091 946 2125 sed
990 2089 1030 2125 in
1064 2089 1251 2137 Domino,
1297 2101 1342 2125 ea
1385 2089 1614 2127 intencione
1657 2096 1701 2125 ut
1734 2090 1817 2126 Deo

501 2147 638 2195 apcius
671 2147 879 2194 serviatur,
915 2156 951 2183 et
983 2147 1037 2184 sic
1075 2156 1204 2183 stante
1236 2147 1465 2184 intencione
1496 2155 1603 2183 recta
1626 2155 1818 2195 peccatur

501 2217 593 2253 sepe
625 2205 833 2242 venialiter
866 2205 906 2241 in
940 2205 1094 2253 mediis,
1134 2214 1176 2241 ut
1209 2214 1322 2241 notat
1355 2203 1603 2253 Augustinus
1636 2203 1818 2241 Enchiri-

502 2262 596 2299 dion
631 2264 712 2299 LXI
753 2264 928 2311 probans
973 2275 1015 2299 ex
1061 2271 1168 2298 textu
1201 2262 1383 2311 Apostoli
1417 2265 1443 2299 Ι.
1479 2264 1569 2301 Cor.
1595 2263 1664 2298 VII
1709 2263 1818 2311 quod

501 2322 829 2369 quandocunque
863 2320 1005 2358 coniux
1038 2320 1167 2357 reddit
1207 2321 1386 2357 debitum
1426 2320 1561 2368 gracia
1596 2321 1818 2357 excusande
1836 2322 1875 2354 35

500 2377 678 2414 libidinis
712 2388 748 2415 et
781 2391 863 2415 non
896 2378 1031 2426 gracia
1065 2379 1311 2426 procreande
1344 2379 1467 2427 prolis
1500 2386 1704 2429 peccatur,
1736 2390 1819 2413 non

501 2437 686 2473 obstante
720 2438 824 2473 bono
842 2436 1058 2487 coniugali,
1093 2436 1234 2473 saltem
1267 2436 1491 2473 venialiter.
1530 2438 1579 2472 Et
1610 2435 1665 2472 ita
1698 2436 1818 2472 credo

501 2506 574 2541 ego
609 2494 814 2530 hominem
849 2507 1029 2542 peccare,
1066 2496 1392 2542 quandocunque
1425 2503 1482 2531 est
1507 2492 1726 2530 delectacio
1760 2492 1818 2528 in-

568 2670 597 2695 4.
620 2662 715 2689 Cod.:
743 2662 965 2689 abstinenciam
986 2662 1086 2695 deest;
1120 2662 1159 2689 ib.
1182 2661 1277 2689 Cod.:
1305 2665 1397 2697 atque
1420 2661 1620 2689 indiscretam
1642 2661 1744 2691 deest:
1776 2661 1817 2688 ib.

495 2697 698 2732 psalmorum.
719 2696 817 2724 Cod.:
835 2697 989 2731 priorum.
1063 2696 1090 2724 8.
1113 2696 1255 2732 quinque.
1279 2695 1374 2725 Cod.:
1396 2696 1588 2731 quandoque.
1663 2703 1704 2723 10.
1722 2695 1816 2723 Cod.:

499 2732 723 2758 modulacione.
800 2738 835 2758 12.
858 2731 954 2759 Cod.:
973 2734 1110 2766 presunt.

570 2803 622 2835 23.
650 2803 791 2834 Rectius
819 2803 855 2835 II.
875 2803 967 2834 Tim.
987 2803 1023 2838 ΙΙ,
1046 2812 1098 2835 20.
1126 2803 1177 2834 Cf.
1199 2809 1231 2835 et
1250 2803 1272 2835 1.
1293 2803 1374 2834 Cor.
1395 2802 1448 2843 III⁷
1471 2802 1500 2832 5.
1598 2802 1650 2834 33.
1677 2801 1818 2833 Rectius

500 2858 573 2889 cap.
602 2848 771 2880 LXXVIII
800 2849 890 2890 Opp.
916 2855 1002 2880 tom.
1021 2849 1077 2891 VI,
1104 2859 1181 2890 pag.
1211 2848 1286 2880 226.
