2050 3292
202 238 284 287 426

218 2385 313 2413 What
332 2386 389 2413 law
408 2385 446 2413 is.

918 244 977 274 DE
1005 243 1141 274 CIVILI
1169 242 1379 274 D0M1N1o.
1590 227 1699 280 [CAP.
1723 235 1799 263 xxt

490 356 526 385 et
557 348 693 399 ingens
732 349 839 385 locus
871 349 1126 398 possessionis
1158 349 1257 394 eius;
1299 349 1368 384 sed
1411 346 1617 384 insolitum
1665 354 1701 383 et
1745 345 1802 382 in-

490 405 693 454 pertinens
726 406 892 443 materie
924 406 1096 454 poletice
1134 415 1192 443 est
1222 418 1365 443 vocare
1397 418 1558 442 omnem
1597 403 1802 442 hominem

489 465 550 500 vel
594 465 780 512 angelum
810 460 813 517 Ι
844 463 1065 514 civitatem3
1110 463 1359 512 inpertinens
1405 471 1463 499 est
1507 461 1633 499 eciam
1673 461 1802 499 eidem
1854 452 1932 500 171d

493 521 657 558 materie
679 534 821 559 vocare
842 534 1004 559 omnem
1037 521 1270 559 societatem
1305 521 1480 557 fidelium
1515 520 1716 558 civitatem
1749 519 1804 555 sic

491 581 599 627 quod
644 580 819 628 quelibet
870 582 1012 617 domus
1056 580 1117 616 vel
1168 579 1320 616 familia
1368 579 1429 615 vel
1481 578 1690 626 collegium
1745 577 1837 613 ve15

491 637 677 674 comitiva
711 638 1018 674 christianorum
1047 638 1087 673 in
1111 637 1253 685 Anglia
1282 638 1328 673 sit
1371 636 1521 673 civitas.
1555 635 1805 685 Inpertinens

490 704 547 731 est
579 695 705 731 eciam
738 697 842 731 iuxta
878 695 1050 743 poletice
1080 707 1223 731 vocare
1256 694 1393 730 omnia
1425 696 1511 731 iura
1543 693 1630 730 iura
1660 691 1803 739 civilia,

490 765 629 789 omnes
652 754 756 801 leges
777 754 838 790 vel
855 765 995 790 causas
1013 753 1159 799 civiles,
1180 765 1269 789 cum
1293 761 1429 789 tamen
1452 751 1528 788 ista
1551 760 1588 788 et
1610 750 1804 800 quotlibet

490 810 635 847 similia
667 811 892 848 formaliter
923 820 1208 856 consecuntur3
1242 823 1335 847 nam
1369 812 1476 846 iuxta
1497 808 1803 857 grammaticam

491 869 703 916 allegatam
738 882 859 905 omne
891 870 970 906 tale
1003 878 1060 906 est
1094 869 1208 905 civile
1241 869 1350 917 quod
1384 876 1441 904 est
1473 868 1679 916 pertinens
1712 866 1804 903 civi·
1826 879 1864 900 10

491 927 576 963 tati.
611 927 711 963 Cum
735 927 857 975 igitur
879 926 1010 964 omnis
1033 940 1124 975 pars
1147 927 1207 963 vel
1231 927 1359 962 forma
1383 925 1640 962 accidentalis
1664 923 1804 961 mundi

491 983 541 1020 sit
572 985 776 1033 pertinens
809 984 974 1031 civitati,
1012 985 1168 1022 videtur
1201 986 1309 1033 quod
1342 996 1462 1020 omne
1484 984 1557 1031 ius,
1592 983 1723 1021 omnis
1746 983 1805 1018 lex

491 1043 551 1079 vel
583 1055 703 1080 causa
735 1043 785 1080 sit
818 1043 961 1089 civilis;
994 1043 1125 1080 omnis
1158 1043 1262 1079 enim
1287 1043 1347 1078 lex
1381 1051 1438 1078 est
1459 1042 1521 1078 vel
1549 1042 1609 1078 lex
1632 1039 1804 1078 civitatis

492 1099 563 1137 Dei
595 1102 656 1138 vel
695 1101 865 1138 civitatis
910 1101 1082 1150 dyaboli.
1128 1103 1208 1137 Nec
1253 1100 1319 1136 fiet
1362 1100 1426 1136 hic
1470 1101 1546 1137 hoc
1578 1098 1803 1148 sophisma:

492 1159 579 1196 Hoc
601 1158 661 1195 ius
686 1169 742 1196 est
765 1159 891 1206 civile,
925 1161 997 1197 hec
1020 1160 1080 1196 lex
1102 1159 1162 1196 vel
1186 1171 1306 1195 causa
1334 1167 1392 1195 est
1426 1157 1564 1204 civilis,
1598 1167 1636 1194 et
1668 1166 1805 1194 tamen
1825 1158 1862 1190 15

490 1228 563 1253 nec
596 1216 655 1254 ius
688 1226 746 1254 est
778 1217 892 1255 civile
923 1229 996 1255 nec
1028 1218 1089 1254 lex
1121 1226 1189 1254 aut
1221 1229 1342 1253 causa
1374 1215 1510 1252 civilis.
1556 1217 1664 1252 Idem
1699 1214 1803 1251 enim

491 1274 598 1311 iuxta
640 1275 948 1313 fundamentum
993 1275 1253 1323 gramaticale
1298 1283 1355 1310 est
1398 1274 1458 1310 lex
1503 1273 1627 1310 civilis
1673 1282 1709 1309 et
1747 1273 1807 1309 lex
1850 1272 1927 1316 172b

490 1332 695 1381 pertinens
727 1333 892 1371 civitati.
946 1335 1046 1372 Cum
1080 1333 1203 1381 igitur
1241 1344 1360 1369 omne
1392 1331 1466 1377 ius,
1500 1332 1559 1368 lex
1590 1331 1652 1368 vel
1685 1342 1806 1367 causa

491 1390 542 1426 sit
574 1391 779 1439 pertinens
812 1391 962 1429 civitati
995 1392 1131 1428 celesti
1163 1391 1223 1427 vel
1255 1389 1434 1426 terrestri
1457 1390 1517 1426 vel
1545 1388 1618 1426 toti
1652 1389 1804 1425 mundo

491 1461 568 1496 que
602 1458 659 1485 est
691 1449 829 1486 civitas
860 1450 991 1498 prima
1024 1458 1114 1497 post
1147 1451 1290 1495 Deum,
1322 1447 1504 1496 sequitur
1537 1447 1645 1496 quod
1675 1446 1805 1483 omnis
1822 1459 1864 1480 20

490 1507 549 1543 lex
572 1508 632 1543 vel
655 1520 715 1544 res
738 1508 953 1545 nominalis
984 1507 1034 1544 sit
1060 1519 1121 1544 res
1154 1506 1288 1556 civilis,
1327 1507 1394 1542 sed
1428 1505 1504 1542 ista
1536 1518 1617 1542 non
1648 1504 1805 1542 videtur

492 1564 616 1601 civilis
648 1565 799 1614 opiniO.

551 1624 661 1669 Item,
707 1623 814 1660 iuxta
858 1623 957 1660 illud
1002 1622 1133 1660 omnis
1179 1624 1321 1659 doctor
1364 1620 1568 1669 theologie
1611 1620 1673 1657 vel
1709 1617 1805 1656 iuris
1842 1623 1868 1654 B

493 1681 678 1718 canonici
721 1682 824 1719 foret
867 1681 1008 1718 doctor
1052 1680 1148 1717 iuris
1193 1679 1330 1725 civilis,
1377 1691 1626 1728 consequens
1665 1686 1805 1715 contra

491 1739 596 1786 leges
630 1739 783 1776 Oxonie
827 1748 865 1776 et
908 1752 979 1788 per
1024 1750 1272 1787 consequens
1301 1733 1306 1791 Ι
1336 1746 1474 1774 contra
1512 1738 1617 1785 leges
1657 1735 1803 1773 civiles.
1854 1741 1932 1781 ¹72⁵

491 1797 796 1845 Consequencia
830 1799 882 1834 sic
915 1799 1127 1846 probatur:
1175 1796 1316 1833 Omnis
1349 1798 1497 1833 docens
1527 1794 1586 1831 ius
1610 1793 1723 1831 civile
1746 1802 1804 1831 est

490 1856 629 1892 doctor
653 1855 749 1891 iuris
772 1855 908 1901 civilis,
933 1855 1035 1892 sicut
1059 1863 1167 1902 patet
1198 1867 1240 1890 ex
1259 1853 1524 1902 grammatica
1556 1852 1620 1889 cui
1652 1851 1802 1900 posicio

490 1911 566 1949 ista
597 1913 792 1958 innititur,
826 1915 954 1950 omnis
986 1915 1126 1950 doctor
1159 1912 1357 1960 theologie
1389 1912 1449 1948 vel
1487 1910 1583 1947 iuris
1617 1908 1801 1947 canonici

490 1971 605 2007 docet
638 1971 698 2007 ius
732 1971 858 2017 civile,
894 1984 987 2019 ergo
1021 1970 1246 2017 conclusio;
1288 1969 1420 2006 minor
1450 1977 1561 2017 patet
1593 1981 1638 2006 ex
1669 1980 1800 2016 gram-

492 2028 638 2065 matica
671 2029 847 2065 doctoris
880 2038 917 2065 et
949 2041 993 2065 ex
1027 2030 1102 2065 hoc
1135 2030 1243 2077 quod
1276 2040 1395 2064 omne
1427 2027 1487 2063 ius
1520 2035 1578 2064 est
1606 2028 1664 2062 ius
1687 2025 1800 2063 civile
1816 2029 1859 2062 30

491 2095 683 2123 statutum
707 2087 873 2134 Oxonie,
909 2089 958 2123 ad
989 2099 1159 2136 quorum
1191 2085 1464 2122 defensionem
1500 2084 1798 2134 gramatiealem

492 2146 739 2193 astringitur3
793 2146 1012 2193 loquuntur
1056 2145 1189 2181 aliter:
1244 2144 1350 2189 Quid
1389 2143 1612 2181 credimus?
1662 2142 1694 2178 si
1728 2154 1800 2190 ego

492 2202 672 2241 dixissem
698 2203 893 2251 implicite
916 2204 1025 2252 quod
1048 2202 1179 2239 omnis
1202 2210 1313 2239 sutor
1327 2201 1388 2238 vel
1421 2200 1560 2238 artifex
1583 2199 1800 2237 abiectissi-

492 2273 578 2297 mus
602 2261 799 2298 manualis
821 2274 958 2309 ymmo
981 2260 1112 2298 omnis
1141 2273 1202 2296 res
1236 2261 1373 2295 mundi
1404 2259 1507 2295 foret
1540 2259 1680 2295 doctor
1706 2257 1801 2294 iuris

491 2318 615 2355 civilis
632 2327 668 2356 et
690 2331 761 2367 per
776 2331 1025 2368 consequens
1049 2318 1133 2366 ipse
1155 2319 1386 2366 pedagogus
1409 2317 1518 2353 rudis
1541 2316 1802 2365 grammatice
1818 2317 1857 2350 35

489 2376 591 2413 foret
622 2385 667 2413 ut
699 2379 752 2414 sic
785 2378 926 2414 doctor
957 2376 1054 2413 iuris
1088 2375 1225 2414 civilis.
1270 2377 1332 2411 Ius
1372 2376 1474 2411 enim
1513 2374 1553 2410 in
1590 2386 1660 2411 sua
1693 2386 1802 2410 com-

489 2434 685 2472 munitate
716 2436 777 2472 vel
810 2444 867 2472 est
898 2443 1087 2472 constans
1120 2442 1157 2470 et
1190 2441 1382 2481 perpetua
1406 2432 1590 2469 voluntas
1621 2431 1683 2468 vel
1714 2430 1801 2467 uni-

489 2491 633 2541 cuique
656 2506 771 2529 suum
795 2493 983 2538 tribuere,
1016 2492 1077 2529 vel
1100 2504 1162 2528 ars
1186 2493 1275 2540 equi
1297 2491 1358 2527 vel
1389 2492 1499 2537 boni;
1524 2502 1601 2538 que
1629 2502 1651 2526 a
1674 2489 1803 2525 iubere

489 2552 699 2598 derivatur,
719 2550 812 2599 quia
839 2551 947 2587 iubet
969 2551 1134 2596 bonum,
1158 2549 1249 2585 ideo
1268 2561 1388 2586 omne
1410 2550 1557 2584 iustum
1580 2547 1798 2584 secundum

489 2609 605 2645 istam
639 2609 901 2657 gramaticam
935 2609 1035 2645 foret
1074 2609 1131 2643 ius
1169 2608 1289 2651 civile,
1327 2606 1421 2655 quia
1459 2607 1589 2652 docet,
1628 2613 1665 2641 et
1696 2605 1857 2648 iubet4o

489 2667 613 2714 legem
649 2667 816 2713 civilem,
851 2666 945 2714 quia
979 2678 1041 2702 ars
1074 2674 1143 2704 est.
1176 2667 1276 2701 Nam
1303 2665 1446 2701 docere
1470 2661 1662 2711 competit
1689 2663 1797 2698 omni

490 2725 653 2771 homini,
687 2738 822 2773 ymmo
852 2726 960 2760 omni
990 2725 1042 2760 rei
1074 2732 1110 2759 et
1133 2735 1203 2771 per
1227 2734 1476 2770 consequens
1509 2721 1617 2757 omni
1650 2720 1799 2755 homini

558 2859 603 2887 30.
624 2859 719 2887 Cod.:
734 2860 924 2886 statutatum.
1000 2855 1041 2884 32.
1058 2856 1116 2884 Hic
1128 2856 1230 2891 aliqua
1245 2855 1350 2882 deesse
1363 2854 1520 2888 videntum
1542 2853 1582 2880 ib.
1599 2853 1694 2881 Cod.:
1709 2853 1740 2880 si
1750 2860 1796 2881 eo.
