2050 3292
211 228 292 277 634
933 232 992 263 DE
1021 232 1157 263 civim
1186 231 1395 263 DOMiNio.
1563 219 1669 273 [CAP.
1684 228 1809 256 xxvii.

498 341 621 385 derat,
665 339 720 375 sic
764 339 873 387 quod
917 350 1036 374 omne
1078 337 1300 385 temporale
1343 337 1533 385 possibile
1566 337 1809 384 amitterent,

497 406 715 446 antequam
750 396 1038 444 prevaricando
1072 395 1322 432 offenderent
1356 396 1624 443 Salvatorem3
1670 398 1810 432 ambos

499 464 632 492 autem
658 455 825 492 istorum
851 454 1040 490 continue
1063 454 1207 501 probat
1230 453 1330 501 ignis
1355 466 1474 501 quem
1500 453 1629 502 ignem
1654 453 1812 490 videtur

497 513 742 561 Augustinus
774 524 918 549 vocare
947 511 1142 547 iudicium
1165 511 1449 559 temptacionis
1472 512 1533 547 vel
1554 511 1811 559 probacionis

498 571 604 608 iuxta
638 571 737 606 illud
761 569 880 607 Eccli.
903 570 1055 615 XXVII,
1079 569 1121 606 6:
1155 570 1258 606 Vasa
1277 569 1403 619 figuli
1427 570 1573 618 probat
1593 570 1670 618 for
1698 570 1702 616 Ι
1733 581 1813 605 nax
1851 572 1932 606 25601

498 637 532 665 et
553 629 725 666 homines
747 629 864 664 iustos
886 626 1091 676 temptacio
1121 627 1396 663 tribulacionis.
1432 629 1507 663 Iste
1540 636 1674 663 autem
1708 627 1812 675 ignis

497 700 577 723 non
611 688 730 723 habet
761 686 802 722 in
835 697 956 733 opere
989 685 1138 734 aliquid
1162 685 1307 733 prioris
1332 686 1685 729 concremandum,
1721 698 1810 721 cum

497 758 597 793 opus
649 757 765 780 suum
821 752 955 780 manet
1007 756 1151 791 purum
1205 742 1466 779 terminatum
1513 744 1562 779 ad
1609 743 1810 780 obiectum

498 812 700 848 eternum3
745 802 836 838 ideo
881 802 1103 838 secundum
1139 801 1377 848 Apostolum
1424 814 1527 848 opus
1565 802 1644 837 tale
1678 809 1812 837 manet

497 860 677 897 innixum
701 860 825 908 lapidi
848 859 1054 896 fundabili.
1079 860 1188 907 Opus
1210 868 1343 895 autem
1368 858 1486 895 activi
1504 860 1630 903 ardet,
1650 861 1811 907 quando
1831 873 1870 893 10

498 918 758 967 displicencia
812 919 859 953 de
911 917 1098 965 operibus
1143 917 1364 962 inutilibus,
1412 926 1456 952 ut
1502 926 1658 953 ametur
1692 919 1811 966 Deus,

496 985 643 1025 purgat
686 977 736 1012 ad
781 988 924 1023 puram
971 974 1233 1012 dileccionem
1270 974 1361 1021 Dei;
1407 983 1444 1011 et
1482 974 1552 1012 iste
1584 975 1686 1023 ignis
1719 988 1812 1023 pur-

497 1034 640 1081 gatorii
673 1034 798 1071 salvat
830 1033 1072 1081 inperfectos
1105 1032 1301 1081 incipiens
1335 1032 1374 1068 iri
1399 1034 1472 1069 hac
1494 1033 1575 1069 vita
1599 1042 1635 1069 et
1658 1033 1811 1078 finiens,

497 1092 658 1140 quando
703 1101 913 1140 peccatum
958 1091 1112 1128 veniale
1144 1091 1204 1127 vel
1247 1103 1351 1139 pena
1395 1103 1467 1139 pro
1508 1091 1669 1127 mortali
1703 1103 1811 1127 com—

498 1150 662 1186 missum
688 1149 867 1198 plenarie
891 1157 949 1185 est
972 1149 1203 1187 contritum.
1239 1151 1287 1184 Et
1311 1157 1368 1185 est
1396 1158 1614 1197 utrumque
1645 1150 1811 1185 istorum
1834 1152 1869 1184 15

498 1209 772 1244 membrorum
797 1208 1018 1244 secundum
1035 1207 1274 1255 Apostolum
1298 1206 1567 1254 triplicatum
1601 1219 1695 1243 nam
1720 1219 1813 1243 con-

496 1267 820 1314 templativorum
867 1264 934 1301 alii
979 1265 1167 1302 edificant
1211 1277 1367 1309 aurum,
1414 1264 1481 1301 alii
1527 1273 1735 1313 argentum
1777 1274 1815 1301 et

250 1337 355 1365 Those
376 1337 447 1364 who
498 1324 564 1361 alii
609 1323 763 1372 lapides
808 1323 1024 1371 preciosos.
1076 1325 1227 1359 Aurum
1275 1322 1464 1359 edificant
1510 1323 1648 1359 mundi
1682 1323 1814 1360 cordis

256 1372 339 1399 hund
361 1373 435 1399 with
499 1382 567 1430 qui
613 1381 839 1418 doctrinam
885 1371 1190 1428 sapiencialium
1235 1389 1279 1416 ut
1324 1381 1482 1417 deitatis
1527 1393 1573 1417 ac
1607 1381 1813 1417 celestium

229 1407 277 1433 Old
329 1408 333 1411 ’
352 1416 366 1432 V

208 1408 352 1477 igffec’iosllsss
371 1407 483 1481 {2933}
499 1440 699 1477 seminant
732 1441 781 1476 ad
815 1438 1117 1476 edificacionem
1151 1437 1329 1474 ecclesie.
1363 1438 1422 1474 llli
1446 1448 1577 1475 autem
1603 1448 1811 1487 argentum
1831 1451 1873 1473 20

230 1484 280 1503 are
300 1478 349 1504 the
370 1482 466 1505 saints
553 1498 559 1504 .
797 1497 803 1502 .
970 1496 976 1503 .
1603 1496 1610 1502 .

285 1513 356 1539 who
376 1521 415 1547 go
500 1498 688 1534 edificant
738 1510 805 1546 qni
851 1499 1075 1533 doctrinam
1124 1505 1398 1533 creaturarum
1445 1498 1726 1544 determinant,
1773 1505 1815 1533 ut

212 1547 483 1616 Pafgiiqiisffffiii'ose
501 1555 762 1592 humanitatis
797 1555 944 1591 Christi
989 1563 1026 1591 et
1060 1553 1227 1590 aliarum
1264 1563 1555 1601 creaturarum,
1590 1567 1660 1602 per
1693 1568 1813 1603 quam

234 1618 304 1644 who
326 1619 409 1646 build
431 1620 465 1647 of
502 1613 734 1650 ascenditur
767 1614 817 1649 ad
851 1614 921 1649 Dei
953 1611 1146 1648 noticiam
1181 1621 1218 1648 et
1251 1624 1450 1660 amorem3
1485 1613 1552 1648 sed
1585 1612 1699 1649 tercii
1733 1613 1814 1650 edi-

211 1652 484 1716 sgfflssdtffai'gggd
501 1672 622 1708 ficant
666 1671 819 1719 lapides
864 1670 1069 1718 preciosos
1113 1670 1180 1718 qui
1232 1672 1399 1706 edocent
1439 1670 1625 1707 veritates
1665 1680 1702 1707 et
1735 1672 1815 1707 eius

264 1724 436 1759 purgation.
499 1729 707 1778 potencias
730 1737 1014 1777 perornante33
1047 1728 1245 1776 purgandi
1267 1740 1360 1764 vero
1384 1728 1423 1764 in
1456 1728 1692 1776 purgatorio
1725 1737 1817 1765 sunt
1832 1732 1871 1763 25

499 1789 721 1824 secundum
754 1787 922 1835 lignum,
957 1786 1146 1834 stipulam
1182 1795 1219 1822 et
1252 1786 1384 1822 fenum
1409 1786 1611 1834 triplicati,
1645 1799 1715 1834 per
1739 1799 1816 1835 que

499 1845 620 1894 aliqui
682 1845 910 1892 intelligunt
972 1844 1126 1880 maiora
1179 1852 1344 1892 peccata
1396 1844 1578 1891 venialia,
1650 1853 1816 1893 peccata

499 1903 632 1940 media
678 1912 715 1939 et
759 1911 924 1951 peccata
960 1902 1128 1951 minora,
1174 1901 1241 1938 alii
1275 1911 1408 1938 autem
1443 1914 1623 1939 amorem
1658 1912 1813 1950 tempo-

499 1961 659 2003 ralium,
694 1973 876 1997 amorem
901 1959 1031 1997 carnis
1056 1969 1093 1997 et
1125 1972 1302 1997 amorem
1328 1973 1428 1996 vane
1461 1960 1596 2008 glorie.
1634 1961 1813 1996 Primum

501 2021 615 2056 ardet
647 2018 872 2056 diutissime
905 2027 1099 2066 tanquam
1134 2017 1285 2065 lignum
1322 2019 1429 2066 quod
1453 2019 1572 2054 habet
1595 2019 1814 2055 maximum
1830 2022 1873 2056 30

498 2079 545 2115 de
589 2077 854 2114 terrestritate
899 2085 1171 2124 compactum.
1223 2077 1453 2113 Secundum
1501 2077 1634 2112 fenum
1684 2077 1814 2113 carnis

498 2136 611 2172 ardet
657 2135 790 2171 medio
835 2136 969 2179 modo,
1016 2135 1083 2170 sed
1128 2133 1297 2170 tercium
1345 2134 1491 2182 stipula
1536 2134 1641 2171 fame
1675 2134 1813 2170 mundi

497 2193 638 2229 transit
669 2206 754 2230 cum
789 2200 914 2241 vento,
946 2201 989 2228 ut
1022 2191 1168 2228 dicitur
1200 2191 1359 2239 Sapien.
1385 2192 1432 2242 V,
1469 2203 1534 2241 15;
1584 2201 1621 2228 et
1654 2192 1709 2229 sic
1741 2192 1814 2228 im-

499 2251 667 2287 miscent
727 2250 780 2286 hii
841 2263 932 2287 cum
985 2250 1213 2286 intencione
1253 2249 1257 2296 Ι
1298 2257 1406 2286 recta
1460 2250 1632 2286 docendi
1691 2250 1813 2286 seculi
1854 2254 1936 2294 257⁰

498 2317 697 2357 questum,
743 2308 796 2344 hii
844 2307 974 2344 carnis
1018 2316 1177 2356 pastum
1211 2308 1493 2355 voluptuosum
1535 2317 1571 2344 et
1606 2308 1660 2344 hii
1690 2308 1869 2344 seculi35

497 2367 664 2413 fastum;
686 2367 747 2402 vel
770 2378 840 2414 per
862 2366 1013 2413 lignum
1038 2365 1268 2413 intelligitur
1290 2365 1517 2413 penitencia
1540 2378 1613 2413 pro
1638 2366 1812 2409 mortali,

497 2437 567 2473 per
598 2424 729 2460 senum
764 2423 990 2472 penitencia
1023 2435 1095 2471 pro
1130 2423 1277 2460 actuali
1311 2432 1348 2459 et
1380 2435 1450 2472 per
1483 2423 1669 2472 stipulam
1703 2422 1812 2471 peni-

497 2481 629 2519 tencia
662 2494 735 2530 pro
768 2481 927 2518 omissis
960 2494 1029 2529 per
1062 2481 1354 2529 ignoranciam.
1389 2481 1649 2529 Quiscunque
1678 2490 1811 2518 autem

496 2539 616 2577 fuerit
661 2552 798 2576 sensus
842 2540 1036 2588 Apostoli,
1084 2547 1234 2575 certum
1281 2539 1438 2575 videtur
1481 2541 1588 2588 quod
1633 2548 1813 2575 remanet

496 2611 601 2647 pena
625 2597 847 2646 purgatorii
871 2606 961 2645 post
984 2598 1086 2634 hanc
1108 2596 1244 2640 vitam,
1269 2596 1363 2645 quia
1385 2597 1501 2633 aliter
1522 2596 1814 2645 inpertinenter
1827 2611 1872 2641 40

498 2656 651 2693 diceret
672 2655 829 2692 Veritas
860 2656 984 2692 Math.
1016 2656 1097 2702 XII,
1122 2666 1174 2705 32
1210 2656 1318 2703 quod
1346 2655 1524 2704 peccanti
1554 2655 1591 2690 in
1625 2655 1811 2704 Spiritum

564 2821 593 2845 4.
615 2813 710 2840 Cod.:
733 2812 981 2848 temperacionis.
1055 2812 1092 2840 18.
1116 2813 1211 2840 Cod.:
1233 2812 1339 2839 mundi
1358 2812 1474 2839 cordes.
1548 2819 1585 2839 21.
1609 2810 1703 2838 Cod.:
1725 2811 1812 2846 defe-

496 2848 623 2874 minanl.
698 2854 741 2882 27.
764 2847 859 2874 Cod.=
880 2847 1009 2882 aliquid.
