2050 3292
192 227 280 255 CAP.
305 216 402 273 xix]
659 228 793 260 LIBER
819 227 1029 259 TERTIUS.
1706 220 1783 271 381

191 347 348 372 sumere
387 343 537 371 temere
577 334 780 382 disputare
820 333 1022 370 racionem
1064 334 1241 382 precepti
1274 333 1400 371 nostri
1434 336 1499 371 ab·

191 393 305 440 batis,
345 392 446 429 sicut
479 391 646 429 facimus
679 404 725 428 eo
758 391 844 439 ipso
878 404 956 439 quo
989 391 1229 439 negligendo
1263 393 1498 429 mandatum

192 450 354 487 Domini
387 450 428 486 in
461 451 535 486 hoc
567 457 681 497 parte
714 449 955 497 ambigimus
988 458 1121 485 utrum
1157 449 1287 498 ipsum
1322 450 1371 486 sit
1407 462 1499 486 con-

192 521 332 545 sonum
367 507 533 545 racioni.
579 508 656 544 Sed
690 506 784 555 quia
817 516 1097 554 argumentum
1144 507 1302 544 videtur
1334 507 1498 544 innuere

160 567 299 615 §quod
338 566 409 602 hec
441 564 648 602 ordinacio
683 564 830 601 Christi
864 564 906 600 fit
938 565 1232 602 irracionabilis
1264 566 1324 602 vel
1357 566 1497 602 saltem

192 625 300 672 quod
332 623 403 659 fuit
437 622 703 670 dispensabile
737 635 825 658 cum
860 622 947 670 ipso
979 623 1040 658 vel
1072 635 1143 659 suo
1174 623 1374 671 opposito,
1408 623 1498 659 ideo
1531 622 1711 683 disweiiuincv
1731 656 1755 669 .-

193 681 349 726 dicitur‚
384 681 492 728 quod
524 679 794 727 specificando
827 679 1123 716 solicitudinem
1159 682 1208 716 ad
1241 680 1350 717 illam
1378 692 1497 729 quam
1516 664 1787 718 notincgiisi'stlebnt

193 747 351 786 oportet
385 737 571 774 clericum
598 738 744 773 habere
769 737 874 773 circa
899 738 1256 786 congregacionem
1281 747 1317 774 et
1341 737 1500 786 dispen-
1531 726 1784 794 conteliiiiiiation.

193 796 394 833 sacionem
440 795 737 843 temporalium,
783 795 926 831 falsum
976 804 1032 831 est
1077 797 1185 843 quod
1233 795 1299 832 illa
1343 805 1500 832 tantum

142 869 179 890 10
196 853 381 890 distrahit
426 866 447 890 a
491 852 570 889 vita
615 852 926 900 contemplativa
971 853 1073 889 sicut
1113 853 1352 890 distraheret
1391 854 1504 890 civile

194 911 431 948 dominium.
479 912 595 956 Quod
629 910 658 946 si
704 911 872 947 clericus
919 911 1021 947 male
1067 911 1174 959 capit
1218 907 1502 963 occasionem]

75 973 150 1007 153⁶
195 971 243 1006 ad
289 968 570 1005 solicitandum
617 981 657 1004 se
702 968 927 1005 inordinate
961 968 1001 1004 in
1046 969 1205 1018 talibus,
1253 970 1312 1005 lex
1359 969 1506 1005 Christi

196 1036 329 1064 manet
362 1026 538 1075 undique
573 1026 788 1074 inculpata.
823 1028 909 1063 Stat
943 1026 1047 1062 enim
1083 1039 1171 1063 curn
1207 1025 1275 1063 tali
1306 1027 1506 1075 corporali

196 1084 417 1121 ministerio
429 1085 566 1121 crebra
588 1084 894 1132 contemplacio‚
917 1093 958 1120 ut
981 1093 1089 1132 patet
1108 1098 1171 1132 per
1198 1086 1358 1121 beatum
1375 1087 1508 1132 Augu-

144 1142 344 1180 15stinum
391 1142 430 1178 in
476 1142 577 1178 libro
611 1145 668 1178 De
702 1143 834 1190 Opere
867 1143 1180 1187 Monachorum3
1226 1151 1335 1190 patet
1381 1142 1506 1180 eciam

197 1213 239 1237 ex
272 1208 463 1249 precepto
497 1200 658 1236 Domini
692 1199 913 1238 Deuteron.
942 1200 992 1236 VI
1028 1209 1064 1236 et
1097 1199 1221 1237 tercio
1254 1209 1364 1248 patet
1402 1201 1506 1236 idem

197 1259 243 1294 de
267 1258 427 1295 Christo
461 1257 527 1305 qui
561 1258 632 1294 fuit
666 1257 845 1294 minister
878 1257 1061 1294 assiduus
1096 1259 1314 1306 frangendo
1348 1271 1509 1306 panem,

197 1316 366 1353 dicendo
410 1315 564 1363 gracias
610 1324 646 1352 et
693 1316 863 1352 lavando
908 1315 1197 1364 discipulorum
1244 1317 1384 1364 pedes;
1437 1329 1509 1352 nec

198 1374 336 1410 exinde
369 1372 583 1410 declinavit
615 1373 654 1409 in
687 1386 803 1410 sensu
837 1374 897 1410 vel
930 1373 1091 1410 racione
1115 1387 1136 1410 a
1160 1375 1266 1411 cultu
1292 1374 1508 1415 dominico,

142 1447 182 1468 20
198 1431 299 1468 sicut
331 1444 403 1469 nec
426 1439 586 1479 oportet
610 1432 775 1468 clericos
800 1440 963 1480 propter
987 1432 1253 1468 ministerium
1279 1433 1509 1480 corporale3

198 1489 353 1526 civilem
388 1497 521 1526 autem
555 1489 878 1526 dominacionem
911 1502 991 1525 non
1016 1490 1148 1526 decuit
1173 1489 1375 1526 Christum
1400 1502 1509 1526 assu-

198 1559 318 1592 mere,
377 1559 467 1583 cum
512 1546 615 1595 sapit
654 1547 981 1595 inseparabiliter
1020 1556 1227 1595 peccatum
1268 1547 1421 1584 veniale
1468 1560 1510 1583 ex

198 1604 314 1642 avida
353 1617 398 1641 ac
438 1604 602 1641 affidata
643 1605 859 1642 affeccione
892 1605 1178 1653 temporalium
1213 1615 1350 1642 contra
1383 1606 1509 1654 legem

130 1669 157 1699 D
198 1671 324 1700 status
369 1662 617 1700 innocencie.
674 1665 721 1699 Et
766 1663 857 1699 hinc
903 1676 946 1700 ex
991 1663 1207 1700 affeccione
1253 1663 1511 1711 proprietatis

142 1726 181 1757 25
199 1720 456 1769 consequitur
488 1720 715 1757 inordinata
751 1721 965 1758 solicitudo
1002 1722 1107 1758 ultra
1129 1721 1207 1758 vite
1231 1721 1510 1758 necessitatem

197 1779 259 1815 vel
297 1778 485 1815 meritum
535 1780 585 1815 ad
624 1779 864 1827 temporalia
904 1779 1222 1827 conquirendum
1271 1779 1423 1828 aliquid
1468 1779 1512 1815 li-

199 1836 309 1884 tigio,
344 1850 488 1885 pugna,
524 1846 560 1873 et
584 1836 669 1873 aliis
704 1837 843 1873 mediis
876 1837 1020 1874 illicitis
1055 1837 1361 1882 defendendum,
1398 1846 1434 1874 et
1469 1849 1512 1873 ex

198 1894 354 1931 defectu
386 1895 446 1931 vel
481 1894 711 1931 modicitate
753 1895 844 1931 fidei
878 1896 927 1931 ad
960 1895 1214 1932 solicitudine
1247 1895 1512 1943 proprietaria

196 1952 509 2000 providendum3
555 1952 646 1989 licet
692 1961 822 1989 autem
870 1966 962 1989 casu
1003 1953 1158 1989 eveniat
1198 1953 1371 1990 dominis
1413 1962 1511 1989 tem-

140 2016 181 2047 30
198 2009 402 2058 poralibus
436 2010 615 2058 spacium
655 2011 953 2059 contemplandi
988 2020 1024 2047 et
1057 2023 1100 2047 ex
1134 2011 1385 2048 subditorum
1422 2024 1513 2058 pru-

198 2068 338 2104 dencia
382 2068 635 2116 oportunitas
677 2068 803 2105 dictas
848 2068 1139 2105 sollicitudines
1185 2069 1392 2117 evadendi⁷
1437 2070 1513 2105 hoc

197 2134 333 2162 tamen
369 2126 496 2162 evenit
531 2126 571 2162 in
619 2126 783 2171 minori;
829 2139 901 2162 nec
940 2127 1095 2163 tollitur
1129 2127 1268 2163 exhinc
1313 2126 1513 2174 obligacio

196 2183 348 2220 servilis
375 2186 423 2220 ad
457 2184 771 2232 occupacionem
796 2184 1037 2235 huiusmodi,
1071 2185 1102 2221 si
1127 2197 1220 2221 casu
1245 2184 1509 2233 contingeret⁴

198 2244 245 2278 Et
278 2254 368 2278 cum
404 2254 524 2278 nemo
558 2242 598 2278 in
633 2242 771 2278 effectu
806 2242 1033 2278 dominatur
1066 2242 1234 2279 civiliter
1268 2242 1343 2279 nisi
1376 2242 1509 2290 gratis,

139 2303 305 2347 35patet
358 2301 466 2347 quod
512 2300 647 2347 laycus
693 2300 732 2336 in
778 2308 970 2348 quantum
1016 2300 1072 2337 sic
1125 2301 1339 2337 dominans
1393 2301 1513 2336 habet

81 2361 158 2401 154⁸
196 2357 454 2394 affeccionern
490 2354 729 2409 [actualem
775 2359 835 2394 vel
881 2358 1127 2395 habitualem
1176 2359 1225 2395 ad
1270 2358 1511 2406 temporalia

196 2415 272 2462 que
297 2416 462 2451 dedecet
495 2417 766 2462 sacerdotem3
802 2425 838 2452 et
862 2416 930 2460 sic,
966 2416 996 2453 si
1021 2416 1165 2464 aliquis
1200 2416 1368 2453 clericus
1392 2415 1511 2452 fuerit

195 2485 432 2521 quocunque
467 2473 569 2509 civili
603 2473 767 2510 domino
789 2473 931 2510 virtute
955 2474 1129 2520 inferior,
1165 2475 1240 2510 hoc
1265 2483 1323 2510 est
1346 2482 1512 2522 propter

196 2530 514 2567 declinacionem
550 2544 572 2567 a
605 2544 672 2567 sua
718 2532 864 2579 regula,
912 2545 989 2580 qua
1024 2532 1065 2567 fit
1110 2531 1346 2568 inobediens
1387 2531 1511 2579 priori

135 2602 179 2631 40
195 2587 253 2623 sui
277 2587 441 2633 ordinis,
476 2601 566 2624 curn
591 2588 674 2637 ipse
697 2589 865 2625 voluerit
888 2591 1115 2626 sacerdotes
1140 2602 1233 2626 suos
1257 2602 1339 2626 esse
1364 2589 1511 2625 liberos

195 2658 216 2682 a
251 2646 389 2682 mundi
414 2645 679 2692 solicitudine,
713 2660 794 2683 non
818 2649 1040 2684 secundum
1065 2647 1295 2684 infixionem
1329 2647 1507 2691 affectus⁷

264 2836 310 2865 28.
332 2837 390 2871 ad‚·
414 2838 544 2866 rectius:
565 2839 648 2865 ad=
663 2838 792 2874 aliquid.
