2050 3292
273 203 362 230 CAP.
382 193 509 246 xxm]
738 204 872 235 LIBER
900 203 1108 235 TERTIUS.

272 311 345 347 teri
378 310 424 346 de
456 318 634 358 peccato,
670 309 763 358 quia
795 311 1111 357 dampnaremur
1134 321 1206 356 pro
1232 307 1398 344 minimo
1421 307 1579 356 veniali,

273 368 348 405 nisi
393 368 495 404 foret
540 366 765 403 misericors
817 366 1042 403 satisfaccio
1088 365 1241 402 domini
1285 367 1374 402 Jesu
1420 366 1579 403 Christi.

274 427 360 473 Ipse
392 425 498 462 enim
533 433 692 461 excusat
725 433 901 461 nostram
942 423 1215 472 ignoranciam
1257 432 1294 459 et
1326 423 1578 470 fragilitatem

274 492 356 519 tam
403 482 444 519 in
486 482 703 519 omissione
747 494 867 530 quam
913 481 953 517 in
986 480 1269 518 commissione
1303 480 1526 517 declinante
1559 494 1580 517 a

242 539 420 585 §mediQ
466 541 559 576 dum
593 539 863 576 intencionem
898 539 1105 587 diligencie
1144 539 1398 586 apponimus,
1431 547 1474 575 ut
1506 538 1580 576 sibi

272 600 492 636 secundum
537 606 716 634 nostram
762 597 1048 634 sufficienciam
1094 596 1312 633 serviamus
1356 604 1393 632 et
1426 597 1473 632 de
1506 598 1580 633 hoc

273 657 381 705 quod
426 655 634 692 deficimus
679 656 952 691 condolemus.
1000 656 1098 690 Tale
1144 654 1248 690 enim
1282 661 1491 703 peccatum
1527 662 1583 691 est

273 726 315 750 ex
349 713 485 762 gracia
517 713 680 761 dignum
711 712 825 749 venia
858 712 957 749 sicut
986 711 1193 760 quodlibet
1216 725 1334 760 grave
1357 721 1580 759 peccatum,

273 772 304 809 si
349 771 444 808 assit
487 771 699 817 contrici03
743 783 862 806 omne
907 770 1068 818 quidem
1116 770 1283 806 mortale
1329 771 1388 806 vel
1427 769 1581 806 veniale

220 844 257 866 ιο
272 829 428 866 videtur
450 828 491 865 in
522 829 597 865 hoc
621 828 833 865 convenire
856 827 1031 874 cuilibet,
1065 829 1172 876 quod
1196 830 1301 864 Deus
1326 829 1373 865 de
1396 828 1581 875 potencia

272 900 343 924 sua
391 887 576 923 absoluta
624 899 704 923 non
750 895 883 934 posset
927 885 1009 921 sine
1055 885 1302 922 contricione
1347 885 1476 933 ipsum
1525 898 1581 922 re-

274 945 441 990 mittere,
476 944 569 992 quia
592 952 949 993 quantumcunque
972 943 1179 979 venialiter
1203 942 1413 991 quisquam
1440 955 1580 991 pecca-

271 1002 385 1053 verit,
418 1014 507 1038 cum
542 1002 618 1038 hoc
641 1003 747 1050 quod
776 1014 982 1049 nunquam
1013 1000 1087 1037 sibi
1111 1000 1319 1048 displiceat
1352 1002 1400 1037 de
1424 1002 1579 1045 eodem,

275 1068 453 1096 maneret
496 1059 776 1096 inobedienter
821 1068 1014 1107 perpetuo
1059 1057 1296 1095 obstinatus.
1351 1061 1440 1095 Non
1473 1058 1580 1095 enim

219 1121 254 1154 15
273 1117 517 1154 convertitur
539 1117 626 1165 quis
649 1118 698 1153 ad
722 1119 849 1154 Deum
873 1118 1092 1153 secundum
1116 1116 1317 1152 volitivam
1352 1116 1579 1164 potenciam

272 1175 347 1213 nisi
368 1175 474 1221 velit,
509 1187 581 1211 nec
605 1174 901 1211 beatificabitur
933 1174 988 1210 sic
1022 1186 1192 1222 peccans
1225 1174 1300 1210 nisi
1326 1182 1582 1210 convertatur

271 1234 323 1270 ad
345 1232 582 1278 Dominum3
622 1233 712 1269 ideo
746 1233 878 1281 quoad
912 1231 1203 1279 obligacionem
1239 1233 1288 1268 ad
1321 1244 1465 1280 penam
1500 1244 1581 1268 non

272 1290 459 1327 differunt
504 1291 576 1326 hec
620 1299 783 1338 peccata
829 1289 903 1326 nisi
947 1291 1166 1327 secundum
1209 1289 1332 1337 magis
1366 1298 1402 1326 et
1437 1289 1580 1333 minus,

271 1348 363 1385 licet
386 1361 476 1385 cum
502 1349 576 1384 hoc
599 1350 707 1397 quod
740 1361 863 1384 unum
898 1356 975 1384 stat
1009 1360 1096 1383 cum
1131 1348 1211 1383 vita
1244 1347 1455 1395 spirituali,
1491 1359 1580 1383 cum

154 1410 233 1442 215³
271 1406 380 1443 aliud
413 1414 606 1454 repugnat
638 1405 803 1451 veniale,
839 1415 875 1442 et
905 1405 1061 1442 videtur
1094 1407 1142 1441 de
1174 1404 1334 1442 racione
1361 1406 1366 1452 Ι
1396 1418 1469 1441 sua
1502 1405 1582 1440 for-

272 1463 365 1500 mali
389 1463 592 1501 includere
615 1463 924 1510 contricionem3
958 1476 1038 1500 non
1072 1471 1204 1499 autem
1239 1464 1421 1509 mortale,
1456 1471 1493 1499 et
1524 1462 1580 1499 sic

272 1522 442 1559 mortale
473 1530 605 1570 potest
637 1521 799 1567 remitti,
835 1534 925 1558 curn
954 1522 1028 1558 hoc
1051 1520 1203 1557 veniale
1228 1530 1446 1567 remaneat,
1479 1520 1581 1556 sicut

270 1592 393 1616 unum
425 1579 577 1616 veniale
609 1579 874 1616 committitur
904 1588 1034 1616 stante
1066 1578 1231 1627 reliquo.
1284 1580 1361 1616 Sed
1397 1577 1582 1615 mortalia

272 1649 383 1674 more
406 1637 595 1673 virtutum
626 1637 682 1673 sic
718 1646 1005 1674 convertuntur
1047 1636 1269 1672 adinvicem
1317 1638 1424 1684 quod
1456 1649 1579 1672 unum

216 1699 255 1731 25
272 1708 352 1732 non
376 1695 605 1739 remittitur,
628 1694 704 1731 nisi
727 1695 1088 1731 remittaturomne
1105 1694 1273 1730 mortale
1290 1693 1580 1740 concomitans,

275 1765 321 1789 eo
366 1754 475 1801 quod
518 1765 598 1789 non
643 1751 859 1789 remittitur
902 1752 978 1789 nisi
1022 1764 1092 1800 per
1135 1751 1415 1789 induccionem
1449 1751 1581 1800 gracie

277 1823 353 1859 que
377 1819 570 1859 repugnat
592 1810 816 1859 cuicunque
847 1810 1019 1848 mortali.
1052 1812 1132 1846 Nec
1155 1818 1232 1846 stat
1260 1810 1411 1846 veniale
1434 1809 1582 1846 remitti

278 1868 437 1905 mortali
489 1867 800 1915 concomitante,
852 1868 926 1905 nisi
979 1868 1108 1916 ipsum
1167 1869 1338 1904 mortale
1370 1867 1581 1904 remissum

276 1926 406 1972 fuerit,
440 1925 533 1974 quia
565 1938 758 1962 venenum
793 1939 909 1963 suum
943 1925 1050 1971 facit,
1084 1933 1126 1961 ut
1156 1938 1276 1962 omne
1309 1925 1583 1962 concomitans

221 1989 262 2021 30
277 1984 326 2021 sit
359 1984 541 2022 mortale.

306 2076 308 2079 ,
335 2043 540 2087 Quantum
574 2042 623 2077 ad
656 2040 904 2089 dignitatem,
939 2041 1116 2077 debitum
1140 2042 1200 2077 vel
1221 2040 1471 2077 ablacionem
1496 2052 1584 2089 pec-

278 2099 355 2136 cati
388 2111 480 2147 sepe
513 2098 590 2135 dixi
623 2100 730 2147 quod
753 2098 972 2136 attenditur
995 2111 1115 2147 penes
1148 2099 1396 2135 taxacionem
1420 2097 1506 2145 Dei,
1529 2098 1585 2134 sic

278 2158 384 2205 quod
429 2155 836 2205 proporcionabiliter
879 2165 922 2193 ut
962 2159 1067 2194 Deus
1113 2155 1344 2193 eternaliter
1386 2156 1585 2192 ordinavit

277 2222 485 2263 peceatum
519 2214 724 2263 quodlibet
756 2214 890 2263 puniri
924 2223 981 2251 est
1014 2214 1177 2263 dignum
1214 2223 1250 2251 et
1282 2214 1430 2250 iustum
1459 2222 1497 2250 et
1520 2215 1585 2250 de·

223 2276 261 2309 35
278 2272 405 2309 bitum
438 2281 481 2308 ut
512 2272 643 2320 ipsum
667 2272 799 2309 taliter
821 2272 1021 2320 puniatur,
1046 2281 1083 2309 et
1105 2272 1259 2320 precise
1281 2280 1389 2308 tante
1416 2280 1584 2319 tenetur,

278 2330 480 2378 obligatur
513 2338 550 2366 et
582 2338 640 2366 est
673 2329 829 2366 debitor
861 2339 1050 2378 peccator
1083 2331 1132 2366 ad
1167 2342 1325 2378 penam.
1360 2331 1446 2377 Ipse
1479 2329 1583 2365 enim

279 2396 335 2425 est
368 2388 503 2435 regula
541 2387 671 2435 prima
710 2400 780 2436 per
812 2400 851 2423 se
885 2400 1118 2425 mensurans
1158 2400 1277 2424 omne
1310 2395 1486 2423 creatum
1521 2388 1585 2423 de-

278 2445 405 2482 bitum
444 2445 524 2482 sive
556 2444 719 2491 iustum,
759 2457 879 2482 omne
911 2454 1045 2482 tamen
1077 2454 1286 2494 peccatum
1328 2445 1494 2481 mortale
1525 2445 1582 2481 vel

278 2503 432 2540 veniale
464 2502 673 2551 puniretur
705 2512 901 2551 perpetuo
935 2503 1010 2540 nisi
1033 2516 1104 2540 sua
1126 2503 1281 2539 infinita
1307 2501 1585 2539 misericordia

220 2574 265 2605 40
281 2561 495 2609 mitigaret,
534 2568 742 2609 peccatum
777 2569 912 2598 tamen
945 2560 1098 2598 veniale
1133 2561 1186 2606 (in
1219 2568 1411 2609 quantum
1452 2559 1586 2597 huius—

280 2618 407 2667 modi)
438 2619 617 2667 inportat
650 2617 856 2656 racionem
890 2618 1021 2663 venie;
1055 2620 1123 2654 sed
1155 2619 1308 2654 nullum
1340 2618 1507 2654 mortale
1532 2618 1583 2663 (in

349 2798 374 2824 8.
397 2798 561 2832 quodlibet.
585 2796 678 2824 Cod.:
700 2798 777 2824 sicut
797 2806 856 2832 qua
878 2798 1116 2834 sz'cutffquatlibet.
1216 2796 1260 2824 30.
1282 2797 1377 2824 Cod.:
1402 2797 1479 2829 ipsa.

353 2855 393 2881 De
415 2854 505 2882 Civili
526 2855 684 2882 Dominio.
710 2854 762 2881 III.
1408 2858 1449 2895 34

1786 205 1865 242 529

1614 1075 1660 1102 To
1682 1075 1737 1102 call
1757 1083 1772 1101 a
1794 1074 1839 1101 sin

1613 1110 1711 1137 venial
1733 1110 1857 1142 implies

1602 1145 1665 1172 that
1685 1146 1734 1172 the
1754 1144 1855 1171 sinner

1637 1180 1661 1207 is
1683 1180 1822 1207 contrite.

1611 2046 1678 2073 The
1698 2045 1857 2081 judgment

1647 2081 1682 2108 of
1699 2082 1746 2107 sin
1769 2081 1821 2107 lies

1629 2116 1744 2150 wholly
1764 2116 1836 2142 with

1687 2150 1768 2181 God.
