2050 3292
281 205 369 232 CAP.
390 196 501 249 xxm-J
748 206 881 238 LIBER
908 204 1118 237 TERTIUS.

165 317 241 351 188b
279 312 441 362 optimis
474 313 567 361 quia
599 312 639 348 in
670 311 906 349 oracionum
940 310 1138 359 suffragiis
1166 313 1170 363 Ι
1199 318 1237 346 et
1268 310 1308 346 in
1341 310 1581 353 elemosinis,

280 371 422 419 quibus
454 382 649 419 pauperes
678 378 967 406 recrearentur.
1000 371 1062 406 Sic
1085 381 1178 416 ergo
1202 376 1365 416 propter
1388 369 1580 404 honorem

282 429 353 465 Dei
397 436 433 465 et
478 440 655 475 amorem
701 436 909 475 parentum
956 426 995 462 in
1040 425 1270 474 purgatorio
1314 424 1581 473 indigencium

279 486 359 522 istis
392 485 588 533 suffragiis
633 485 905 532 spiritualibus
944 483 1147 520 differrent
1191 482 1341 519 domini
1374 482 1581 519 ecclesiam

248 543 365 582 5istis
408 543 693 591 temporalibus
737 542 916 590 spolia1·i;
966 541 1028 578 hic
1072 540 1218 576 dicitur
1261 542 1368 588 quod
1402 540 1476 577 ista
1508 540 1583 576 evi-

280 601 419 637 dencia
444 602 585 637 rimata
608 599 796 636 radicitus
821 608 995 637 moveret
1018 598 1201 635 dominos
1224 599 1421 634 seculares
1445 605 1582 634 contra

280 659 399 695 aliam
432 659 565 705 fugam
612 657 856 693 sentenciam
892 658 940 693 ad
974 656 1269 693 exonerandum
1304 668 1394 692 suos
1439 656 1582 691 elemo-

279 715 449 752 sinarios
483 718 530 752 de
562 715 852 762 temporalibus
884 715 1103 751 secundum
1138 714 1308 750 formam
1340 722 1376 749 et
1399 712 1581 749 ordinem

279 773 544 821 supradictos,
589 782 669 809 tam
716 772 877 809 racione
910 781 1025 819 capta
1064 784 1107 807 ex
1140 780 1249 819 parte
1281 770 1582 819 progenitorum

228 848 265 869 10
282 840 528 868 mortuorum
563 830 799 867 elemosinas
832 831 928 866 tales
962 828 1219 865 fundanciurn
1252 842 1371 876 quam
1406 841 1450 865 ex
1472 836 1584 876 parte

281 890 470 925 heredum
516 888 786 938 superstitum,
832 901 950 935 quam
997 887 1120 924 tercio
1165 899 1208 922 ex
1253 895 1364 934 parte
1401 885 1584 922 utilitatis

280 946 513 983 universalis
548 946 725 985 ecclesie.

336 1005 398 1041 Ad
460 1004 742 1040 declarandum
806 1011 936 1039 autem
1006 1001 1120 1038 istam
1190 1001 1433 1038 sentenciam
1493 1014 1584 1048 sup—

280 1063 464 1109 ponende
516 1070 608 1098 sunt
657 1069 735 1097 tres
785 1059 1058 1096 conclusiones
1110 1067 1202 1095 note
1254 1060 1454 1106 theologo,
1504 1058 1584 1106 pri-

227 1126 262 1157 15
281 1132 364 1155 ma:
424 1122 529 1155 Inter
586 1131 724 1155 omnes
776 1117 1060 1165 disposiciones
1104 1117 1248 1164 quibus
1293 1116 1583 1153 ecclesiasticus

280 1176 549 1224 indisponitur
594 1178 642 1212 ad
687 1177 880 1212 orandum
928 1174 1186 1211 effectualiter
1232 1183 1288 1210 est
1326 1173 1497 1211 avaricia
1538 1186 1583 1209 ac

280 1235 396 1282 culpa
429 1234 600 1271 carnalis
632 1246 712 1270 una
745 1234 793 1270 de
829 1232 1022 1271 maximis,
1056 1234 1167 1269 Patet
1206 1232 1280 1268 sic:
1321 1233 1381 1268 Ad
1423 1231 1581 1267 edifica-

280 1292 433 1328 cionem
457 1291 658 1328 oracionis
700 1299 859 1339 oportet
881 1298 1062 1327 orantem
1083 1289 1257 1326 converti
1281 1291 1330 1326 ad
1348 1289 1581 1335 Dominum,

279 1351 346 1386 sed
380 1350 446 1386 illa
480 1349 650 1386 maxime
673 1357 867 1395 avertunt,
902 1356 945 1383 ut
978 1356 1085 1395 patet
1108 1347 1238 1395 primo
1271 1347 1388 1384 huius
1411 1348 1494 1382 XVI
1521 1359 1583 1382 ca-

224 1407 419 1455 2opitulo‚
460 1408 549 1443 ideo
590 1407 760 1443 maxime
799 1405 1078 1453 indisponunt3
1117 1405 1192 1441 nisi
1232 1405 1338 1441 enim
1371 1404 1459 1453 quis
1492 1417 1583 1440 con-

278 1474 455 1501 vertatur
477 1466 525 1501 ad
550 1464 764 1500 Dominum
790 1477 870 1500 non
894 1463 1021 1510 diligit
1049 1475 1137 1499 eum
1171 1463 1376 1510 implendo
1408 1462 1582 1510 primum

281 1524 534 1569 mandatum3
567 1524 676 1570 quod
709 1522 740 1559 si
773 1535 853 1557 non
885 1520 1033 1567 fecerit,
1067 1533 1148 1557 non
1181 1520 1369 1568 impetrat
1400 1533 1473 1568 pro
1506 1532 1585 1568 quo

280 1589 378 1625 orat,
412 1580 531 1628 igitur
554 1579 772 1618 conclusio.
807 1578 918 1625 Quis,
953 1591 1062 1626 rogo,
1096 1579 1283 1615 dominus
1298 1591 1378 1614 non
1401 1577 1585 1624 dedigna-

168 1643 242 1676 188c
278 1647 386 1674 retur
429 1639 479 1674 ad
523 1651 676 1674 servum
724 1650 839 1673 suum
886 1636 1073 1672 miserum
1118 1636 1185 1684 qui
1224 1644 1339 1684 rogat
1376 1635 1584 1672 dominum

223 1701 263 1733 25
281 1695 520 1744 applicando
543 1695 616 1731 sibi
641 1697 801 1731 dorsum
828 1703 864 1731 et
886 1694 1069 1730 faciendo
1097 1693 1173 1730 sibi
1196 1693 1414 1730 derisiones
1433 1689 1436 1746 Ι
1456 1693 1586 1728 multi-

280 1753 402 1801 plices
435 1762 472 1790 et
505 1754 769 1801 despectum?
803 1752 866 1788 Sic
884 1760 1013 1788 autem
1050 1760 1107 1787 est
1135 1752 1182 1787 de
1205 1751 1317 1788 omni
1341 1758 1586 1799 preponente

280 1812 366 1847 Deo
399 1824 470 1847 suo
502 1811 741 1858 temporalia
775 1810 814 1846 in
848 1822 999 1855 amore,
1033 1818 1074 1845 ut
1107 1808 1201 1845 alibi
1235 1809 1376 1845 diffuse
1409 1808 1584 1856 exposui.

280 1870 394 1905 Unde
451 1868 605 1905 videtur
665 1868 785 1904 michi
842 1868 950 1915 quod
1008 1866 1212 1903 sentencia
1270 1866 1342 1903 ista
1407 1865 1586 1903 innuitur

280 1926 473 1964 Ezechiel.
496 1927 595 1973 VIII,
632 1926 692 1972 16,
736 1925 803 1961 ubi
836 1937 906 1973 per
950 1924 1324 1961 abhominacionem
1371 1923 1584 1960 maximam

223 1990 264 2020 30
280 1993 466 2020 narratur
498 1985 703 2032 quomodo
743 1983 881 2033 viginti
917 1983 1079 2031 quinque
1117 1983 1194 2017 viri
1229 1983 1328 2018 inter
1361 1982 1585 2018 vestibulum

279 2050 314 2093 et
344 2043 470 2077 altare
502 2049 612 2077 erant
644 2042 761 2077 dorsa
794 2041 972 2077 habentes
993 2048 1127 2076 contra
1157 2040 1338 2089 templum
1363 2039 1523 2076 Domini
1553 2046 1587 2074 et

283 2099 413 2147 facies
444 2100 495 2134 ad
527 2099 708 2135 orientem
743 2106 778 2134 et
808 2099 1024 2134 adorabant
1055 2099 1106 2133 ad
1137 2105 1264 2134 ortum
1297 2097 1401 2133 solis.
1436 2098 1586 2133 Contra

286 2170 385 2204 quos
424 2156 520 2192 dicit
559 2156 754 2192 Dominus
791 2158 933 2192 Jerem.
973 2157 1106 2203 XVIII,
1140 2166 1206 2205 17:
1240 2155 1331 2206 Ego
1364 2156 1523 2190 dorsum
1553 2162 1588 2190 et

281 2227 352 2250 non
386 2215 535 2263 faciem
581 2215 778 2250 ostendam
824 2214 887 2250 eis.
941 2216 1042 2250 Nam
1083 2222 1263 2249 creature
1298 2212 1504 2249 conversio
1537 2213 1586 2248 ad

223 2277 263 2309 35
281 2274 407 2308 Deum
453 2272 554 2308 sicut
597 2281 634 2308 et
678 2271 761 2308 eius
805 2271 956 2308 aversio
1001 2273 1049 2307 ab
1089 2272 1228 2307 eodem
1270 2270 1386 2306 infert
1418 2282 1587 2318 propor-

281 2329 490 2366 cionaliter
522 2329 823 2365 conversionem
849 2328 1013 2365 Domini
1043 2330 1092 2365 ad
1124 2328 1250 2376 ipsam
1277 2337 1314 2364 et
1338 2327 1585 2364 aversionem

280 2387 445 2424 Domini
478 2389 526 2423 ab
559 2388 712 2434 eadem,
747 2399 836 2423 cum
861 2388 978 2424 Zach.
1002 2387 1029 2429 Ι,
1055 2398 1077 2434 3
1108 2385 1271 2422 dicitur:
1311 2385 1590 2421 Convertimini

279 2446 330 2480 ad
361 2457 424 2481 me*
457 2453 491 2481 et
522 2457 595 2495 ego
633 2452 841 2481 convertar
877 2445 928 2480 ad
967 2457 1045 2483 vos.
1098 2444 1212 2480 Unde
1244 2443 1436 2491 Origenes
1469 2455 1588 2490 super

280 2504 458 2538 Exodum
493 2502 648 2538 Omelia
682 2503 750 2538 XII
783 2501 838 2538 sic
870 2502 1067 2549 loquitur:
1101 2502 1154 2544 Si,
1187 2500 1328 2548 inquit,
1361 2513 1429 2537 nos
1460 2502 1586 2536 Deum

221 2574 266 2604 40
281 2561 546 2609 deprecemur,
580 2568 620 2595 ut
652 2560 824 2595 velamen
858 2560 903 2595 de
919 2560 1037 2596 corde
1059 2566 1191 2595 nostro
1217 2559 1400 2609 dignetur
1425 2559 1588 2607 auferre

348 2691 374 2718 7.
392 2683 532 2718 sugam‚·
551 2683 592 2710 ita
612 2683 680 2710 cod.
703 2691 739 2709 an
752 2681 905 2718 falsam?
982 2681 1025 2709 23.
1046 2681 1141 2709 Cod.:
1163 2681 1310 2710 exclusio.

351 2753 402 2786 38.
430 2754 593 2796 Origenis
625 2754 660 2784 ln
688 2754 796 2784 Exodi
831 2763 903 2795 cap.
929 2753 1067 2785 XXXIV
1098 2754 1203 2784 Hom.
1229 2752 1299 2793 XII,
1332 2752 1422 2794 Opp.
1453 2758 1537 2783 tom.
1562 2750 1585 2793 I,

280 2810 357 2841 pag.
381 2810 437 2831 111
470 2801 547 2841 (Ed.
576 2800 667 2831 Basil
699 2798 810 2841 1536).

350 2855 392 2882 De
414 2854 503 2882 Civili
523 2854 680 2881 Dominio.
701 2854 752 2881 III.
1408 2857 1450 2888 30

1786 198 1871 247 405

1628 1182 1761 1210 Avarice
1781 1182 1843 1209 and

1633 1217 1740 1252 fleshly
1760 1217 1837 1244 lusts

1627 1252 1744 1279 disable
1763 1252 1844 1280 from

1598 1287 1733 1314 effectual
1749 1295 1869 1323 prayer.
