2050 3292
214 260 293 297 422
932 255 989 286 DE
1018 253 1155 286 cmm
1182 253 1393 285 DOMlNIO.
1607 242 1718 298 [CAP.
1744 255 1810 283 xx.

502 376 586 400 esse
608 370 832 411 peccatum.
866 361 979 398 Unde
1000 359 1192 397 Ysidorus
1216 362 1273 397 De
1296 362 1464 398 Summo
1486 363 1594 400 bono
1615 363 1717 400 libro
1740 366 1811 401 ΙΙΙο

503 420 680 470 capitulo
702 421 789 466 V10,
824 427 861 455 et
892 418 1058 466 ponitur
1089 417 1128 454 in
1146 417 1314 455 decretis
1338 418 1599 458 distinccione
1620 423 1692 458 VI:
1725 422 1812 458 Non

503 487 558 515 est
582 485 796 528 peccatum.
840 477 922 523 Jus,
965 475 1109 524 inquit,
1155 476 1438 513 consuetudinis
1474 486 1563 528 post
1594 480 1813 516 naturalem

232 547 258 586 1!
277 551 377 584 trac-es
398 544 476 572 back
502 538 627 587 Iegem
661 535 868 573 exordium
902 534 1045 579 habuit,
1084 546 1136 570 ex
1167 546 1238 583 quo
1272 535 1443 571 homines
1480 538 1746 574 convenientes
1778 538 1814 573 in

241 585 457 644 {Esggffiteanneg
503 607 617 630 unum
665 600 847 643 ceperunt
888 592 1005 628 simul
1048 592 1245 636 habitare;
1287 593 1389 641 quod
1432 605 1482 630 ex
1529 595 1600 631 hoc
1643 588 1848 644 tempore5

274 651 427 678 Nemrod.
490 654 648 702 factum
681 651 856 688 creditur
887 662 938 686 ex
968 662 1040 698 quo
1068 646 1196 701 Caym
1226 650 1415 686 civitatem
1439 652 1636 702 edificasse
1657 653 1814 703 legitur,

502 711 603 759 quod
634 722 716 747 cum
752 708 895 744 diluvio
922 715 1087 757 propter
1125 708 1328 744 raritatem
1363 709 1557 746 hominum
1586 712 1681 759 fere
1714 711 1816 746 vide-

503 769 619 804 batur
651 767 877 811 extinctum,
916 773 1051 815 postea
1085 778 1107 801 a
1152 773 1324 815 tempore
1351 767 1541 803 Nemroth
1575 775 1816 818 reparatum,

502 826 582 862 sive
609 825 744 875 pocius
776 825 1019 860 immutatum
1053 824 1315 871 existimatur,
1353 837 1435 861 cum
1474 826 1554 874 ipse
1584 826 1701 862 simul
1731 839 1815 862 cum

504 884 591 919 aliis
634 884 732 919 alios
775 883 871 931 cepit
912 882 1147 931 opprimere,
1191 882 1260 917 alii
1293 895 1363 918 sua
1396 884 1652 921 imbecillitate
1684 896 1816 921 eorum
1838 891 1876 912 ¹0

505 941 645 978 dicioni
673 948 855 990 ceperunt
887 952 967 976 esse
998 939 1167 977 subiecti.
1207 940 1313 976 Unde
1345 941 1492 991 legitur
1524 943 1570 978 de
1601 955 1643 979 eo
1681 943 1817 981 Genes.

504 1000 554 1045 X,
588 1009 635 1050 9:
690 999 798 1046 Cepit
848 998 1042 1034 Nemroth
1076 992 1080 1050 Ι
1115 1009 1196 1033 esse
1258 998 1438 1035 robustus
1482 1007 1644 1036 venator
1686 1012 1817 1036 coram
1869 994 1946 1039 170b

505 1057 685 1103 Domino,
719 1057 759 1091 id
789 1063 856 1102 est,
891 1055 1085 1092 hominum
1110 1067 1321 1105 oppressor
1351 1064 1389 1093 et
1420 1057 1616 1094 extinctor
1642 1070 1737 1107 quos
1768 1058 1820 1094 ad

505 1114 647 1151 turrim
692 1114 946 1164 edificandam
985 1113 1138 1153 allexit.
1184 1114 1298 1150 Unde
1336 1123 1379 1150 ut
1417 1114 1494 1152 dixi
1534 1115 1717 1164 superius
1747 1116 1819 1152 V10

506 1172 683 1220 capitulo
707 1172 824 1208 huius
847 1167 915 1216 Vffi,
951 1172 1022 1209 hec
1045 1170 1156 1219 origo
1180 1171 1476 1209 dominacionis
1500 1172 1624 1210 civilis
1652 1182 1820 1211 testatur
1842 1171 1876 1204 ¹5

506 1232 614 1279 quod
647 1230 751 1278 sapit
784 1238 1008 1277 peccatum.

272 1289 300 1316 A
322 1287 432 1322 rightly
564 1290 726 1335 Iterum,
761 1300 852 1324 cum
886 1289 1008 1323 horno
1040 1286 1206 1323 interior
1239 1288 1355 1324 debet
1387 1289 1605 1326 secundum
1631 1289 1817 1326 affectum
1919 1288 1946 1319 N

237 1323 371 1350 directed
393 1321 477 1349 mind

261 1366 346 1385 cares
366 1364 452 1384 more
507 1345 676 1383 racionis
720 1347 960 1394 protendere
1004 1344 1044 1381 in
1089 1357 1269 1382 amorem
1314 1358 1447 1383 rerum
1493 1355 1536 1384 ut
1580 1356 1671 1384 sunt
1704 1349 1819 1398 bone,

247 1393 461 1463 fogogcgrqffllqln
507 1403 739 1441 communia
773 1413 905 1440 autem
937 1412 1029 1439 sunt
1052 1403 1216 1451 privatis
1238 1404 1418 1454 pociora,
1451 1414 1494 1441 ut
1517 1414 1627 1453 patet
1649 1406 1734 1441 XIV
1758 1418 1820 1442 ca-

289 1462 416 1498 private.
508 1462 635 1510 pitulo
668 1463 716 1498 III
750 1461 881 1509 huius,
926 1470 1036 1509 patet
1080 1462 1188 1510 quod
1221 1461 1283 1498 via
1327 1471 1436 1499 recta
1480 1463 1629 1500 amoris
1674 1472 1732 1500 est
1763 1463 1822 1499 in·
1839 1474 1881 1495 20

508 1520 691 1557 ordinate
723 1520 812 1568 plus
846 1519 1011 1567 diligere
1044 1520 1149 1555 bona
1171 1520 1403 1557 communia
1443 1533 1563 1569 quam
1597 1520 1774 1569 privata‚.
1800 1534 1822 1557 a

509 1591 588 1627 qua
630 1579 691 1614 via
735 1577 938 1614 declinans
983 1576 1108 1614 civilis
1152 1577 1444 1626 proprietarius
1482 1579 1575 1615 facit
1610 1579 1821 1626 angulum;

510 1638 627 1672 debet
659 1637 763 1672 enim
794 1636 916 1672 homo
941 1636 988 1672 de
1011 1636 1096 1683 lege
1120 1635 1297 1672 caritatis
1321 1637 1391 1673 ΙΙΙΟ
1416 1636 1531 1673 huius
1554 1638 1622 1672 XV
1647 1636 1823 1685 capitulo

511 1706 693 1742 expressa
738 1693 978 1742 generaliter
1021 1693 1110 1741 plus
1155 1693 1320 1741 diligere
1365 1694 1489 1742 magis
1534 1696 1639 1731 bona
1685 1703 1722 1731 et
1753 1707 1825 1743 per

511 1765 761 1801 consequens
805 1752 904 1788 velle
948 1752 1055 1799 quod
1101 1751 1240 1788 omnia
1272 1753 1376 1788 bona
1409 1752 1574 1789 ecclesie
1606 1752 1686 1789 sint
1720 1753 1882 1790 com—25

512 1810 662 1854 munia,
708 1823 799 1846 cum
844 1811 918 1846 hoc
962 1810 1065 1846 foret
1109 1809 1251 1846 melius
1291 1819 1328 1846 et
1360 1822 1431 1858 per
1464 1823 1713 1858 consequens
1746 1824 1827 1848 non

511 1869 713 1905 laboraret
756 1867 806 1905 ad
849 1869 1079 1915 augendum
1113 1867 1402 1916 proprietatem
1441 1868 1481 1904 in
1514 1881 1553 1905 se
1585 1868 1687 1916 ipso,
1733 1868 1827 1917 quia

513 1926 589 1963 hoc
633 1925 776 1972 odiret,
823 1938 912 1962 cum
957 1924 1187 1973 oppositum
1223 1925 1305 1962 eius
1339 1925 1521 1974 diligeret
1565 1927 1654 1975 plus
1687 1939 1828 1975 appre-

515 1985 656 2021 ciando
690 1986 760 2020 Dei
793 1983 1137 2032 complacenciam
1171 1997 1290 2032 quam
1327 1984 1490 2032 aliquod
1522 1985 1762 2033 temporale.

227 2053 306 2094 civil
335 2051 498 2091 dominion
572 2044 653 2079 Nec
686 2050 846 2078 excusat
878 2041 1044 2079 civilitas
1082 2041 1123 2078 in
1156 2042 1363 2078 communi
1403 2051 1629 2090 peccatum,
1664 2043 1733 2079 sed
1766 2054 1830 2079 ac·
1846 2045 1888 2077 30

227 2088 393 2159 ἐξέζξξζξ
414 2095 494 2153 ξζάἃγ
516 2109 641 2147 cusat,
687 2100 781 2148 quia
827 2112 917 2136 cum
963 2099 1095 2136 omnis
1140 2099 1308 2136 civilitas
1353 2108 1495 2136 contra
1527 2100 1655 2148 legem
1688 2108 1830 2137 nature

226 2167 258 2185 as
278 2159 308 2186 in
330 2166 346 2184 a
368 2157 620 2206 pes50¹¹3sapit
652 2166 877 2207 peccatum,
911 2166 1022 2206 patet
1054 2158 1161 2206 quod
1195 2166 1376 2194 scrutans
1409 2159 1529 2195 corda
1558 2157 1632 2195 scit
1654 2157 1831 2195 invenire

517 2216 556 2252 in
602 2223 798 2252 conventu
844 2215 927 2252 eius
960 2215 1196 2252 subiectum.
1249 2217 1338 2252 Non
1371 2216 1478 2252 enim
1512 2224 1693 2264 acceptat
1726 2218 1832 2252 Deus

517 2273 616 2310 illud
638 2274 844 2322 laycorum
863 2275 1085 2322 sophisma:
1101 2282 1208 2310 totus
1232 2284 1450 2310 conventus
1469 2273 1832 2322 cathegreumatice

518 2331 744 2369 intellectus
788 2341 845 2368 est
890 2345 1047 2381 pravus,
1090 2333 1159 2368 sed
1193 2331 1369 2380 quelibet
1402 2331 1485 2368 eius
1525 2331 1712 2380 parcialis
1744 2344 1831 2380 per·
1848 2333 1888 2366 35

519 2385 739 2443 sonaleius
763 2391 885 2438 bona,
916 2398 997 2426 tam
1023 2389 1143 2437 igitur
1176 2389 1232 2425 illi
1267 2389 1401 2426 clerici
1435 2389 1502 2438 qui
1535 2389 1688 2427 faciunt
1721 2398 1832 2427 actus
1877 2394 1953 2434 ¹70⁰

518 2456 680 2485 vocatos
714 2447 860 2494 civiles,
900 2460 1019 2496 quam
1055 2449 1282 2484 sacerdotes
1316 2448 1536 2485 confratres
1569 2447 1637 2496 qui
1675 2449 1725 2485 ad
1757 2450 1834 2484 hoc

520 2505 797 2552 consenciunt‚
831 2514 1000 2554 peccant
1033 2515 1173 2542 contra
1205 2506 1424 2553 professam
1460 2506 1637 2553 regulam
1663 2518 1834 2554 pauper-

520 2563 627 2602 tatis.
679 2564 885 2613 Numquid
923 2563 1124 2600 credimus
1163 2563 1394 2611 coniugium
1435 2564 1669 2601 seculariter
1707 2563 1835 2600 domi-

592 2731 619 2759 7.
641 2722 735 2752 Cod.:
754 2725 886 2758 propter
905 2722 1183 2758 irregularitatem.
1259 2730 1295 2750 12.
1318 2722 1411 2750 Cod.:
1434 2721 1594 2750 Nemi-ath.

596 2817 626 2839 2.
658 2817 706 2851 ¹9-
743 2807 825 2849 Cap.
861 2807 925 2845 III⁸>
944 2807 1126 2839 Gratianus
1157 2808 1176 2847 g
1216 2817 1241 2839 1.
1320 2817 1368 2850 19·
1404 2806 1455 2838 De
1487 2806 1586 2837 Civili
1614 2805 1780 2837 Dominio
1812 2805 1837 2850 1,

526 2853 697 2898 96—103.
795 2855 846 2887 23.
873 2853 958 2885 Ibid.
987 2864 1063 2896 pag.
1095 2855 1156 2887 103
1184 2863 1283 2895 seqq.
