2050 3292
190 226 270 273 526

895 231 955 264 DE
983 232 1122 264 ctvm
1150 232 1360 265 DOMiuto.
1554 223 1661 277 [cm¹
1683 232 1795 260 xxiv.

480 346 625 384 nostra,
664 339 763 374 sicut
795 345 830 374 et
863 351 929 374 nos
962 339 1190 375 dimittimus
1223 340 1457 377 debitoribus
1489 341 1644 384 uostris,
1684 342 1795 378 velze-

480 404 626 432 menter
674 396 958 432 commendavit
1009 409 1091 432 eam
1145 397 1292 434 diceus:
1347 399 1390 433 Si
1431 398 1528 435 enim
1574 399 1796 436 dimiseritis

479 454 693 490 hominihus
732 461 894 503 peccata
938 467 1085 501 eorum,
1138 456 1298 492 dimittet
1342 457 1448 493 vohis
1487 464 1604 506 pater
1648 458 1798 494 celestis

480 512 604 548 debita
629 519 768 548 vestra.
802 512 846 547 Si
864 519 990 548 autem
1014 525 1087 548 non
1112 513 1333 550 dimiseritis
1348 515 1575 561 hominibus,
1600 527 1667 551 nec
1682 523 1798 565 pater

480 578 605 606 vester
638 570 801 606 dimittet
825 578 986 619 peccata
1020 578 1170 615 vestrd:
1201 573 1252 607 ad
1274 580 1351 607 tam
1377 585 1560 623 maguum
1585 573 1795 610 tonitruum

479 628 542 676 qui
563 640 636 664 uon
659 629 951 678 expergiscitur
969 637 1145 665 mortuus
1168 637 1234 667 est.
1261 629 1301 666 Si
1325 639 1459 667 autem
1484 630 1592 667 fideli
1616 631 1796 668 examine

478 685 673 723 libramus
718 685 1012 723 conscienciam
1056 696 1235 723 nostram
1281 696 1319 724 et
1351 701 1487 736 opera,
1534 690 1651 725 credo
1689 691 1797 737 quod

480 744 612 792 plures
644 753 827 780 nostrum
861 744 1082 792 reperirent
1115 758 1155 781 se
1190 754 1370 782 mortuos
1393 746 1433 782 in
1458 748 1533 783 hoc
1556 746 1671 794 vicio,
1707 760 1797 783 cum

480 810 639 850 oportet
684 803 734 839 ad
781 802 1058 839 dimissionem
1104 815 1239 840 veram
1284 804 1438 851 peccati
1483 804 1655 853 proximi
1689 807 1797 854 quod

479 859 709 908 postpositis
734 860 967 908 cupiditate,
992 862 1076 898 zelo
1098 861 1273 898 vindicte
1298 872 1334 898 et
1356 862 1521 899 libidine
1553 862 1797 910 vindicandi,

479 931 558 955 non
604 931 899 968 prosequamur
944 931 1024 965 eos,
1070 918 1146 956 nisi
1180 932 1278 967 pure
1310 921 1371 956 vel
1410 920 1601 969 precipue
1633 930 1799 970 propter

480 989 659 1013 amorem
694 977 931 1024 fraternum⁷
966 976 1213 1014 intendendo
1247 990 1313 1015 eos
1347 980 1395 1015 ad
1417 980 1676 1016 commodum
1712 992 1799 1016 cor-

480 1034 621 1082 rigere.
668 1036 783 1071 Unde
828 1036 923 1084 quia
967 1036 1042 1072 hoc
1085 1048 1293 1085 nunquam
1327 1038 1388 1073 vel
1421 1050 1513 1074 raro
1543 1034 1546 1090 i
1577 1037 1707 1074 evenit
1739 1039 1799 1086 (ut

480 1092 636 1129 ostendi
690 1092 867 1142 capitulo
896 1125 904 1133 .
936 1123 943 1130 .
967 1124 975 1133 .
1005 1095 1055 1130 IV
1085 1093 1205 1142 libri),
1258 1094 1347 1131 ideo
1400 1096 1516 1132 docet
1554 1095 1798 1144 Augustinus

480 1149 744 1188 Enchiridion
769 1152 971 1199 LXXVIII,
1006 1154 1114 1200 quod
1143 1152 1407 1189 Christianum
1440 1154 1584 1190 habere
1616 1154 1797 1190 iudicium

480 1209 672 1245 adversus
701 1210 867 1246 alterum
895 1211 998 1246 intra
1029 1211 1228 1247 ecclesiam
1263 1211 1353 1247 dicit
1377 1219 1579 1260 peccatum
1610 1213 1662 1247 ad
1690 1212 1799 1248 mini-

481 1279 583 1302 mum
619 1267 777 1314 veniale,
813 1281 896 1305 cum
926 1269 1135 1318 Apostolus
1167 1269 1271 1305 dicat
1302 1270 1330 1305 I.
1370 1270 1462 1309 Cor,
1494 1270 1554 1317 VI,
1588 1280 1608 1305 Ι
1646 1270 1798 1306 omnino

482 1325 660 1361 delictum
694 1333 749 1362 est
792 1327 894 1374 quod
925 1326 1064 1372 iudicia
1098 1327 1244 1363 habetis
1275 1327 1480 1364 vobiscum.
1534 1328 1587 1364 Et
1625 1340 1670 1364 ne
1701 1328 1800 1377 quis—

481 1396 594 1432 quam
628 1384 699 1420 hoc
731 1393 889 1421 excuset
935 1385 1096 1421 dicendo
1139 1398 1180 1421 se
1223 1386 1366 1422 habere
1409 1386 1548 1423 iustum
1583 1386 1800 1437 negocium,

482 1442 660 1478 contiuuo
687 1443 758 1478 tali
788 1443 1038 1479 excusaciom‘
1059 1444 1206 1479 occurit
1234 1444 1384 1480 diceus:
1421 1445 1554 1489 Quare
1576 1456 1648 1480 nou
1671 1445 1800 1495 magis

482 1499 662 1536 iniuriam
703 1501 896 1549 patimini,
941 1513 1062 1549 quare
1093 1514 1167 1537 non
1194 1502 1331 1550 pocius
1358 1502 1635 1550 fraudamim';
1677 1510 1717 1538 ut
1749 1503 1801 1538 ad

482 1558 580 1593 illud
612 1559 797 1594 redeatur
827 1560 930 1608 quod
952 1558 1148 1596 Dominus
1169 1560 1243 1595 ait:
1276 1560 1319 1595 Si
1338 1560 1420 1608 quis
1444 1560 1610 1597 voluerit
1632 1561 1798 1596 tunicam

482 1623 586 1651 tuam
631 1616 771 1653 tollere
802 1625 837 1652 et
883 1617 1022 1654 iudicio
1052 1625 1175 1654 tecum
1209 1619 1451 1665 contendere,
1497 1618 1646 1654 dimitte
1677 1618 1736 1654 illi
1766 1626 1801 1654 et

478 1674 658 1723 pallium.
704 1675 757 1710 Et
799 1676 876 1711 alio
921 1676 1024 1713 loco:
1064 1676 1142 1720 Qui
1170 1676 1390 1724 abstulerit,
1434 1676 1566 1726 iuquit,
1611 1684 1689 1722 tua,
1723 1677 1802 1712 noli

484 1740 671 1782 repetere.
706 1734 753 1769 Et
786 1732 966 1781 sequitur
999 1734 1204 1770 conclusio
1226 1733 1461 1781 Augustini:
1490 1735 1703 1784 prohibuit,
1743 1734 1800 1771 in-

483 1790 582 1838 quit,
615 1803 706 1827 suos
739 1791 784 1827 de
805 1792 1046 1828 secularibus
1070 1793 1182 1828 rebus
1205 1804 1289 1828 cum
1313 1793 1400 1829 aliis
1422 1793 1637 1829 homiuibus
1660 1793 1802 1829 habere

483 1849 679 1885 iudicium.

541 1909 595 1942 Ex
627 1920 706 1955 qua
746 1907 931 1944 doctrina
969 1907 1066 1944 dicit
1098 1908 1316 1957 Apostolus
1350 1920 1433 1944 esse
1466 1907 1670 1955 delictum,
1711 1908 1803 1945 licet

483 1964 589 2001 iutra
635 1965 845 2002 ecclesiam
892 1968 1113 2002 secundum
1147 1965 1306 2003 veniam
1354 1966 1587 2003 conceditur
1620 1966 1804 2005 infirmis.

483 2025 531 2059 Et
561 2023 633 2059 hec
662 2023 772 2060 racio
805 2037 928 2072 quare
952 2024 1131 2061 Christus
1158 2033 1241 2061 tam
1270 2023 1476 2072 signanter
1499 2026 1616 2062 docet
1639 2026 1800 2061 Petrum

483 2081 606 2118 Math.
650 2082 783 2128 XVIII,
831 2093 879 2119 22
945 2094 1061 2131 usque
1103 2082 1367 2133 septuagesies
1409 2083 1554 2131 sepcies
1605 2083 1803 2119 remittere

483 2139 619 2188 fratri
647 2152 728 2186 suo,
763 2140 838 2176 hoc
862 2149 933 2190 est,
967 2140 1320 2189 quocienscunque
1342 2139 1382 2176 in
1406 2139 1538 2188 ipsum
1563 2140 1801 2190 peccaverit,

484 2206 527 2233 ut
560 2197 721 2245 exponit
753 2197 1001 2246 Augustinus
1039 2211 1158 2246 super
1198 2199 1318 2237 Math.
1352 2211 1537 2234 sermone
1569 2200 1647 2237 XV.
1700 2200 1801 2235 Cum

485 2254 587 2291 enim
635 2255 842 2292 offendens
886 2255 926 2292 in
971 2269 1051 2293 uno
1096 2266 1377 2304 preceptorum
1425 2256 1606 2305 decalogi
1639 2256 1804 2293 offendit

485 2313 524 2349 in
557 2312 736 2361 singulis,
784 2323 821 2350 et
866 2313 907 2350 in
940 2315 1159 2362 quemlibet
1193 2315 1354 2351 fratrem
1396 2314 1597 2362 signanter
1628 2327 1698 2363 per
1730 2327 1802 2350 un-

486 2371 611 2407 decim
643 2370 824 2419 signatur
846 2372 1117 2420 prevaricacio
1154 2372 1348 2421 decalogi,
1382 2372 1629 2409 undenarius
1669 2381 1802 2409 autem

486 2428 774 2477 multiplicatus
791 2442 862 2478 per
877 2439 1029 2478 septem
1049 2430 1115 2479 qui
1140 2440 1196 2467 est
1212 2443 1403 2467 numerus
1425 2430 1693 2467 universitatis
1711 2443 1805 2467 con-

483 2486 611 2523 stituit
642 2488 897 2536 septuaginta
913 2497 1064 2536 septem
1096 2486 1100 2540 1
1137 2498 1173 2525 et
1196 2501 1244 2525 ne
1269 2490 1456 2525 credatur
1487 2488 1560 2525 soli
1576 2490 1694 2525 Petro
1717 2501 1806 2536 pre-

486 2553 661 2593 ceptum,
680 2554 773 2582 nota
790 2546 1056 2594 Augustinum
1074 2549 1280 2595 quomodo
1290 2548 1509 2584 secundum
1527 2547 1805 2595 geneologiam

529 2744 532 2747 -
556 2726 584 2753 6.
606 2725 700 2755 Cod.:
722 2727 925 2763 expergiscit.
999 2735 1026 2763 9.
1050 2728 1143 2755 Cod.:
1165 2732 1302 2762 peccato.
1378 2727 1413 2755 15.
1434 2726 1592 2754 LXXVIII.
1614 2725 1708 2754 Codir
1732 2726 1808 2754 LXI.

486 2760 528 2789 33.
550 2764 591 2789 ut.
613 2761 708 2789 Cod.:
730 2771 776 2789 ne.
850 2762 896 2790 3o'.
920 2763 1014 2790 Cod.:
1036 2763 1216 2799 Augustini.

558 2847 611 2880 33.
638 2847 730 2889 Opp.
756 2853 841 2880 torn.
860 2848 901 2891 V,
928 2857 1004 2889 pag.
1031 2846 1111 2888 448.

1819 875 1857 897 10

1839 1050 1875 1071 21

1818 1155 1855 1187 15

1817 1735 1857 1767 25

1820 2027 1861 2059 30

1821 2316 1860 2349 35

1887 1052 1902 1072 ἲν

1892 2493 1929 2530 4„
