2050 3292
251 192 340 219 CAP.
356 183 498 235 xxvii]
725 194 857 225 LIBER
885 193 1094 225 TERTIUS.

250 299 537 348 negligenciam
571 300 630 336 vel
663 312 839 336 errorem
871 301 1147 347 superstitum;
1180 299 1293 336 aliter
1316 299 1419 336 enim
1454 300 1555 336 foret

250 356 555 394 indeterminate
596 369 746 401 verum,
792 357 900 405 quod
945 356 1089 394 mortui
1126 357 1259 393 taliter
1305 366 1554 401 meruerunt3

251 427 340 451 cum
386 416 461 451 hoc
506 416 745 463 dependeret
789 416 838 451 ab
876 414 1104 451 intencione
1134 414 1356 452 vivencium
1391 423 1429 450 et
1461 423 1555 450 tunc

249 485 330 508 non
369 473 473 508 bona
511 485 633 520 opera
671 480 933 520 sequerentur
964 481 1261 520 promerentem
1297 473 1451 509 orando
1484 484 1555 520 pro

218 532 310 576 Beo,
344 530 437 566 licet
468 542 551 566 non
582 538 704 578 ponat
737 529 908 566 obicem.

308 589 418 631 Item,
480 587 609 623 maior
669 596 726 623 est
782 586 1102 624 communicacio
1154 587 1465 624 felicititatorum
1518 585 1557 622 in

250 644 483 693 purgatorio
540 653 576 681 et
633 644 761 681 maior
816 644 1096 682 conveniencia
1148 658 1237 681 cum
1290 653 1393 681 statu
1446 644 1558 680 inno-

251 702 385 740 cencie
429 711 466 738 et
511 701 767 739 beatitudinis
812 715 930 750 quam
978 711 1035 739 est
1079 703 1378 750 purgandorum
1424 714 1559 749 super-

133 760 213 806 259‘*
251 759 403 805 stiturn,
448 760 516 795 sed
555 772 599 796 ex
637 759 672 796 vi
718 759 1012 796 communionis
1058 762 1331 796 membrorum
1362 758 1366 813 Ι
1396 759 1560 796 ecclesie

199 831 236 852 10
250 817 386 854 omnia
430 817 492 853 hic
524 817 768 865 participant
801 818 942 854 merita
976 817 1235 865 singulorum,
1281 819 1396 865 igitur
1434 817 1559 853 multo

253 876 376 922 magis
427 874 467 910 in
518 874 750 923 purgatorio
802 875 1061 913 dormientes.
1124 878 1211 912 Non
1264 875 1385 923 igitur
1435 887 1558 910 unum

253 933 476 968 membrum
539 932 704 969 ecclesie
766 932 973 969 militantis
1034 934 1196 980 prodest
1254 933 1438 981 privatim
1492 931 1560 967 uni

252 989 542 1026 dormiencium
576 990 616 1027 in
640 990 872 1038 purgatorio
896 1000 933 1028 et
956 991 1151 1039 reliquum
1177 990 1561 1027 incommunicative

253 1056 290 1084 et
322 1047 580 1096 appropriate
613 1047 742 1098 alteri,
787 1048 883 1096 quin
927 1048 1065 1096 pocius
1103 1049 1300 1096 singulum
1335 1049 1560 1084 membrum

199 1105 418 1142 15ecc1esie
473 1104 682 1142 militantis
736 1106 897 1154 prodest
947 1108 1213 1143 communiter
1264 1106 1421 1154 singulo
1473 1107 1561 1141 dor-

255 1163 487 1210 miencium3
534 1163 590 1200 sic
634 1163 737 1200 enim
783 1164 833 1199 illi
877 1166 1107 1212 superstites
1158 1164 1319 1212 singulis
1371 1163 1560 1200 fratribus

253 1221 469 1257 secundum
515 1233 628 1258 suam
674 1221 939 1269 capacitatem
992 1221 1254 1270 spiritualiter
1305 1222 1561 1269 profuerunt3

254 1291 334 1315 non
365 1278 483 1326 igitur
515 1278 710 1315 distribuit
742 1281 848 1316 Deus
880 1292 1000 1316 unam
1034 1288 1189 1328 partem
1219 1281 1349 1328 operis
1374 1277 1563 1315 meritorii

254 1335 322 1372 uni
355 1336 612 1384 appropriate
651 1345 688 1373 et
726 1336 845 1373 aliam
886 1337 1013 1384 alteri,
1058 1338 1127 1374 sed
1166 1350 1256 1374 curn
1291 1335 1400 1374 racio
1434 1335 1563 1373 meriti

197 1404 240 1427 20
255 1393 306 1430 sit
342 1395 546 1442 quoddam
584 1395 785 1443 spirituale
824 1396 932 1443 quod
970 1407 1051 1431 non
1089 1394 1280 1431 minuitur
1314 1407 1357 1431 ex
1388 1394 1424 1430 vi
1457 1406 1564 1431 com—

256 1453 464 1497 munionis,
522 1460 633 1500 patet
682 1452 792 1501 quod
843 1452 979 1500 gracia
1030 1454 1351 1489 communicatur
1403 1452 1564 1499 singulis

255 1511 473 1546 secundum
518 1522 630 1546 suam
684 1509 966 1557 capacitatem:
1020 1510 1135 1547 aliter
1186 1510 1292 1547 enim
1336 1511 1565 1547 laborarent

256 1567 500 1605 dormientes
531 1566 680 1604 invidia
712 1576 875 1616 propter
907 1568 1229 1605 subtraccionem
1264 1567 1491 1614 elemosine,
1523 1576 1565 1603 ut

256 1624 399 1662 accidit
429 1624 470 1661 in
502 1625 705 1666 mendicis.

200 1685 239 1717 25
314 1684 425 1728 Item,
477 1684 527 1719 ad
572 1682 759 1720 meritum
803 1683 964 1721 viatoris
1009 1683 1226 1732 requiritur
1269 1684 1376 1732 quod
1420 1683 1566 1719 habeat

187 1742 218 1773 O
256 1739 484 1777 ordinatam
509 1742 725 1790 caritatem,
758 1743 826 1778 sed
849 1750 1078 1789 potentatus
1101 1750 1278 1779 ementes
1310 1741 1351 1777 in
1383 1741 1457 1777 hac
1484 1740 1565 1776 vita

257 1797 514 1846 appropriata
547 1798 734 1846 suffragia
767 1798 1020 1836 intendentes
1044 1799 1142 1836 alios
1165 1798 1353 1847 postponi
1376 1797 1567 1834 deficiunt

257 1857 306 1892 ab
349 1855 491 1892 ordine
535 1855 723 1903 caritatis,
770 1857 887 1904 igitur
935 1870 1017 1894 non
1060 1866 1104 1894 ut
1142 1859 1196 1894 sic
1235 1865 1438 1893 merentur
1477 1864 1566 1903 post

259 1921 427 1950 mortem
459 1913 689 1961 suffragium
722 1916 791 1951 sed
824 1914 963 1963 pocius
996 1916 1264 1952 demerentur.
1296 1913 1427 1951 Minor
1459 1921 1568 1962 patet

201 1973 242 2005 30
258 1983 302 2007 ex
333 1971 409 2007 hoc
442 1972 550 2019 quod
593 1973 814 2008 secundum
858 1973 984 2020 legem
1032 1972 1206 2009 caritatis
1249 1971 1377 2008 maius
1415 1972 1567 2007 bonum

258 2028 373 2066 debet
415 2029 502 2076 plus
546 2029 694 2077 appeti.
743 2031 842 2066 Cum
877 2029 998 2078 igitur
1029 2030 1232 2078 profectus
1271 2028 1569 2066 communitatis

258 2085 308 2122 si't
339 2086 590 2134 prestancior
632 2088 737 2123 bono
783 2087 867 2124 eius
910 2090 1077 2137 privato,
1122 2087 1276 2124 videtur
1308 2087 1417 2135 quod
1450 2087 1568 2123 debet

258 2143 346 2192 plus
368 2144 516 2192 appeti.
536 2143 704 2181 Videtur
723 2144 844 2192 igitur
865 2147 973 2193 quod
991 2146 1204 2182 fundantes
1219 2145 1314 2182 tales
1331 2143 1569 2181 elemosinas

259 2202 431 2249 privatas
463 2201 745 2249 ymaginantur
777 2204 886 2251 quod
918 2212 1007 2251 post
1041 2212 1209 2239 mortem
1244 2211 1359 2239 erunt
1389 2201 1568 2250 proprie-

203 2262 242 2297 35
257 2266 358 2295 tates
390 2259 521 2296 civiles
554 2261 911 2308 correspondenter
942 2262 993 2298 ad
1025 2269 1209 2309 questum
1243 2261 1392 2297 civilem
1425 2260 1464 2295 in
1485 2259 1568 2306 via;

260 2315 327 2352 sed
369 2318 574 2364 quomodo
618 2317 912 2366 participabunt
951 2319 1142 2364 Christus,
1196 2317 1367 2366 apostoli
1419 2326 1456 2354 et
1501 2316 1568 2353 alii

260 2386 449 2421 sequaces
493 2387 631 2411 eorum
677 2377 742 2423 qui
788 2376 1032 2424 reliquerant
1075 2388 1237 2413 omnem
1275 2374 1567 2423 possessionem

260 2431 376 2469 huius
430 2432 568 2468 mundi
630 2442 793 2480 propter
845 2433 1061 2480 Christum,
1125 2446 1217 2471 cum
1280 2433 1319 2469 in
1375 2432 1437 2469 via
1489 2445 1569 2468 non

260 2488 558 2536 inpetraverant
591 2490 781 2538 suffragia
812 2490 879 2527 illo
904 2493 1042 2537 modo3
1077 2491 1340 2528 deliramenta
1372 2498 1463 2526 sunt
1496 2489 1569 2526 ista

143 2551 223 2594 259ο
261 2555 299 2583 et
337 2546 591 2594 opinionibus
619 2550 624 2594 Ι
653 2560 869 2596 puerorum
909 2549 1069 2595 similia,
1109 2561 1198 2586 cum
1237 2550 1364 2585 viator
1396 2556 1570 2584 meretur

261 2604 597 2641 communicando
621 2607 725 2642 bona
749 2607 929 2654 ecclesie3
955 2615 991 2642 et
1014 2608 1170 2643 orando
1193 2619 1265 2654 pro
1282 2605 1569 2642 communitate

262 2670 299 2699 et
329 2674 410 2698 non
443 2662 690 2711 providendo
722 2664 851 2700 taliter
883 2676 1086 2701 annonam
1117 2666 1155 2700 in
1187 2663 1472 2712 temporalibus
1497 2675 1570 2711 pro

331 2794 358 2820 ὁ.
379 2801 449 2824 cum
468 2802 522 2831 spe
540 2795 754 2823 felicitatorum
776 2796 846 2830 (sic)
868 2795 897 2823 in
919 2796 987 2823 cod.
1060 2804 1105 2831 37.
1127 2795 1223 2824 Cod.:
1245 2804 1310 2831 que.

1361 2854 1401 2884 41
1416 2842 1435 2863 *

1675 596 1741 624 The

1609 632 1810 659 communion

1633 667 1668 694 of
1684 667 1788 695 Saints

1574 702 1697 736 implies
1723 702 1788 728 that
1808 701 1845 727 all

1587 737 1741 763 members
1762 736 1837 763 have

1591 771 1669 798 their
1689 771 1778 798 share
1798 770 1827 797 in

1604 807 1640 833 all
1663 805 1768 833 merits
1787 804 1822 831 of

1611 841 1660 868 the
1682 839 1816 868 Chul-ch.

1588 1694 1692 1722 Those
1711 1696 1782 1723 who
1800 1700 1847 1732 try

1660 1734 1691 1757 to
1713 1731 1773 1765 buy

1611 1764 1760 1799 suffrages
1780 1765 1829 1793 for

1592 1800 1775 1828 themselves
1795 1808 1846 1828 are

1599 1835 1700 1870 acting
1719 1835 1841 1870 against

1657 1870 1786 1906 charity.
