2050 3292
198 1032 318 1060 Private
340 1040 451 1067 prayer

215 1067 240 1094 is
261 1071 315 1094 not
337 1068 433 1094 better

214 1102 287 1129 than
310 1102 442 1137 general.

896 231 954 267 DE
984 232 1121 267 cmm
1150 231 1361 267 DOMINIO,
1566 220 1672 278 [CAP.
1696 228 1789 261 xxn.

473 341 714 379 insolencias
748 341 956 389 castigare,
990 354 1081 378 nam
1116 341 1223 378 iuxta
1246 341 1345 377 illud
1367 354 1575 390 nunquam
1600 341 1791 390 punirent

474 399 657 436 homines
690 398 788 436 alios
821 408 987 448 propter
1020 400 1180 447 culpam
1205 401 1273 435 sed
1297 399 1589 436 consenciendo
1612 400 1791 436 facerent

476 459 592 507 mala,
624 465 667 493 ut
701 457 904 494 evenirent
936 458 1053 496 bona.
1087 460 1328 494 Notaremus
1358 457 1476 505 igitur
1500 459 1608 506 quod
1632 457 1789 494 ablacio

474 516 534 553 vel
577 514 774 551 limitacio
820 515 1106 563 temporalium
1152 516 1252 552 foret
1298 515 1578 552 claustralibus
1631 515 1790 552 occasio

474 572 718 620 resurgendi.
751 573 936 610 Secundo
969 582 1203 609 notaremus
1237 574 1346 622 quod
1383 574 1653 610 claustrorum
1677 573 1823 612 dissi-5

475 631 591 680 pacio
637 639 676 667 et
720 630 1005 679 temporalium
1052 631 1339 679 appropriacio
1372 640 1506 679 posset
1537 630 1792 668 verisimilius

476 701 560 726 esse
594 701 731 725 eorum
766 688 983 736 correccio,
1018 688 1182 726 ecclesie
1216 691 1264 725 ad
1297 689 1469 737 primam
1495 688 1791 738 perfeccionem

476 746 683 783 restitucio
716 755 754 783 et
783 755 867 783 >tam
901 747 1083 783 vivorum
1108 760 1229 795 quam
1265 756 1518 784 mortuorum
1544 747 1798 783 melioracio(

476 804 517 841 Si
575 804 696 852 igitur
740 805 816 841 hoc
861 805 910 841 sit
955 804 1173 841 maximum
1220 805 1507 842 inconveniens
1545 805 1702 841 illatum
1749 817 1792 841 ex

477 862 739 910 correpcione
772 862 1003 900 huiusmodi
1050 872 1087 899 et
1118 875 1189 911 per
1221 862 1319 899 illud
1351 864 1529 899 tenditur
1562 864 1612 900 ad
1644 872 1791 899 statum
1812 880 1850 900 10

477 920 678 968 primitive
711 921 888 968 ecclesie,
935 930 1045 969 patet
1078 922 1187 969 quod
1220 922 1417 958 seculares
1450 934 1530 958 non
1564 921 1703 958 exinde
1736 921 1793 956 di-

479 979 682 1015 mitterent
715 979 1053 1016 rectificacionem
1089 991 1305 1027 apponere.

536 1037 713 1073 Octavus
758 1049 869 1073 error
914 1050 958 1073 ex
1002 1038 1120 1074 oculo
1166 1037 1423 1085 proprietatis
1471 1038 1660 1085 pululans
1707 1037 1793 1085 plus

477 1095 635 1143 sapiens
668 1094 860 1132 invidiam
894 1104 932 1132 et
964 1108 1034 1143 per
1068 1107 1317 1144 consequens
1341 1096 1429 1144 plus
1457 1104 1669 1132 attenuans
1693 1094 1794 1131 cari-

475 1161 598 1189 tatem
624 1161 681 1189 est
704 1154 751 1189 de
784 1153 1002 1201 spiritualis
1034 1154 1237 1190 oracionis
1269 1153 1479 1203 suffragio3
1510 1161 1654 1202 putant
1687 1152 1791 1189 enim
1813 1160 1850 1193 15

478 1211 618 1247 mundi
652 1210 793 1247 divites
826 1213 934 1259 quod
967 1211 1185 1259 spiritualis
1228 1211 1365 1249 oracio
1404 1212 1511 1249 facta
1542 1210 1794 1258 singulariter

476 1269 537 1306 vel
583 1268 809 1316 capitaliter
852 1282 926 1317 pro
971 1282 1144 1318 persona
1187 1279 1231 1306 ut
1263 1270 1319 1306 sic
1351 1270 1425 1307 sibi
1458 1271 1548 1318 plus
1579 1269 1795 1318 proficeret

476 1339 597 1375 quarn
643 1326 780 1363 oracio
824 1328 1040 1375 generalis3
1105 1336 1142 1364 et
1188 1328 1327 1365 exhinc
1372 1328 1552 1377 aspirant
1611 1336 1794 1376 potentes

477 1384 600 1421 seculi
645 1385 695 1421 ad
739 1386 969 1422 habendum
1015 1395 1195 1423 oratores
1240 1386 1426 1434 proprios
1472 1386 1540 1435 qui
1585 1399 1658 1434 pro
1698 1384 1794 1433 ipsis

477 1452 591 1479 orent
624 1442 809 1490 privatim
843 1443 1098 1491 singulariter
1130 1453 1167 1480 et
1200 1444 1360 1492 publice
1391 1444 1634 1481 nominatim
1665 1452 1702 1479 et
1735 1443 1794 1479 in-
1809 1460 1852 1481 20

476 1501 647 1537 nitentes
676 1501 680 1549 l
710 1500 965 1538 similitudini
1009 1502 1048 1538 in
1081 1502 1351 1551 proporcione
1384 1502 1595 1551 peticionis
1628 1500 1794 1538 domino
1836 1512 1915 1550 194⁹

476 1559 731 1607 temporalis;
776 1572 869 1596 nam
916 1561 1086 1596 multum
1135 1560 1289 1597 confert
1327 1562 1435 1609 quod
1467 1573 1640 1609 persona
1673 1559 1794 1595 inter-

476 1617 628 1665 pellans
662 1616 971 1668 particulariter,
1010 1617 1291 1667 principaliter
1331 1628 1369 1655 et
1401 1631 1583 1667 expresse
1607 1625 1795 1665 suggerat

475 1676 536 1711 vel
568 1683 739 1723 exponat
770 1675 1012 1723 peticionem
1046 1689 1216 1724 persone
1249 1676 1414 1725 indigne
1443 1677 1483 1713 in
1506 1688 1679 1725 persona
1703 1688 1794 1724 pro-

477 1733 564 1781 pria
610 1733 810 1781 expedire3
857 1742 894 1770 et
937 1743 1133 1782 quantum
1168 1747 1340 1783 persona
1374 1735 1505 1771 media
1538 1743 1595 1771 est
1629 1733 1794 1770 domino
1812 1739 1851 1771 25

478 1791 687 1839 accepcior
731 1800 769 1828 et
814 1794 864 1827 ad
909 1792 1136 1829 instandum
1184 1805 1255 1840 pro
1300 1792 1500 1841 peticione
1542 1791 1795 1841 procurantis

478 1849 714 1897 diligencior
746 1858 783 1886 et
815 1850 1084 1898 affectuosior,
1119 1852 1166 1887 de
1198 1860 1312 1887 tanto
1346 1860 1404 1888 est
1436 1863 1525 1899 spes
1550 1849 1794 1899 impetrandi

478 1906 718 1946 evidencior.

536 1967 613 2002 Sed
660 1965 792 2014 primo
824 1968 1116 2003 ostendendum
1151 1976 1207 2004 est
1239 1968 1347 2015 quod
1380 1966 1447 2003 illa
1479 1965 1701 2003 similitudo
1734 1977 1795 2002 ex·
1832 1973 1854 2003 S

477 2023 638 2069 orbitat,
683 2036 775 2060 nam
822 2033 936 2072 pater
981 2024 1134 2061 celestis
1168 2025 1235 2073 qui
1275 2038 1355 2061 non
1388 2033 1518 2072 potest
1552 2023 1701 2060 moveri
1735 2023 1795 2059 vel
1812 2030 1853 2062 30

481 2082 585 2118 flecti
629 2094 747 2130 prece
779 2083 839 2119 vel
872 2082 1008 2131 precio
1054 2095 1155 2131 eque
1202 2083 1410 2131 cognoscit
1454 2082 1550 2131 quid
1596 2081 1795 2129 peticione

479 2139 652 2188 generali
698 2140 800 2177 sicut
843 2140 1044 2188 peticione
1088 2141 1251 2189 speciali
1294 2140 1460 2177 concedi
1494 2142 1622 2188 debet,
1656 2148 1694 2177 et
1726 2152 1797 2187 per

480 2210 729 2247 consequens
754 2197 845 2247 equi
867 2201 1065 2247 ponderat
1080 2198 1321 2246 peticionem
1346 2198 1553 2248 incultam,
1576 2209 1794 2247 pauperem

479 2257 540 2293 vel
583 2256 822 2293 submissam
875 2256 977 2293 sicut
1024 2256 1267 2305 peticionem
1321 2258 1542 2300 solennem,
1595 2265 1794 2301 ornatam,

481 2313 715 2351 altissimam
749 2315 810 2351 vel
854 2314 1085 2361 instantem,
1132 2316 1225 2351 dum
1272 2327 1372 2364 eque
1411 2314 1616 2352 caritative
1648 2313 1851 2362 petitur35

480 2385 554 2421 pro
598 2381 680 2409 tam
727 2371 862 2422 digno,
907 2373 1001 2421 quia
1045 2372 1346 2410 racionabilitas
1392 2381 1450 2410 est
1493 2385 1564 2421 per
1602 2385 1642 2409 se
1677 2384 1797 2408 causa

482 2430 752 2467 exaudicionis
798 2439 895 2479 aput
929 2430 1148 2468 Dominum
1182 2444 1300 2480 quem
1335 2431 1459 2467 nichil
1492 2438 1622 2479 potest
1652 2430 1794 2475 latere3

481 2501 571 2525 cum
618 2488 723 2525 enim
763 2488 813 2524 sit
844 2489 1137 2526 immutabiliter
1169 2489 1438 2537 omnipotens,
1483 2487 1727 2525 omnisciens
1760 2495 1798 2522 et

482 2546 731 2584 omnivolens
775 2555 817 2583 ut
863 2560 923 2584 res
956 2559 995 2584 se
1029 2547 1148 2583 habet
1181 2547 1221 2583 in
1254 2547 1395 2584 ordine
1433 2546 1634 2589 bonitatis,
1690 2553 1797 2593 patet

483 2617 526 2641 ex
571 2604 703 2653 primo
749 2606 857 2653 quod
902 2618 974 2642 nec
1020 2614 1202 2642 movetur
1246 2618 1319 2643 nec
1364 2604 1622 2641 confunditur
1666 2602 1854 2649 verbis40

483 2661 764 2699 communibus
809 2675 881 2699 nec
926 2662 1214 2699 immutabiliter
1247 2663 1374 2699 sciens
1407 2663 1543 2699 omnia
1578 2664 1626 2699 ab
1660 2670 1797 2698 eterno

553 2861 583 2887 9.
604 2853 696 2881 Cod.:
720 2853 844 2881 illetum.
917 2853 961 2889 37.
984 2855 1077 2882 Cod.:
1099 2863 1168 2890 que.
