2050 3292
216 196 304 231 ρΑιό.
325 193 456 249 xxm]
685 207 820 238 LIBER
845 206 1054 239 TERTius.
1725 214 1803 250 545

216 324 312 348 nunc
355 319 479 347 autem
523 312 811 348 excusacionem
856 324 928 348 non
973 312 1110 348 habent
1142 313 1188 348 a'e
1224 312 1390 361 peccatis
1421 312 1520 358 suis;

211 377 413 418 peccantes
443 369 569 417 itaque
599 381 650 405 ex·
678 369 804 405 studio
826 377 912 405 sunt
939 369 1258 418 periculosissimi
1282 377 1518 418 peccatores,

216 427 280 475 qui
310 439 382 463 non
413 427 537 463 solum
571 426 667 463 bona
700 439 772 463 non
794 427 951 475 faciunt
981 428 1050 463 sed
1090 427 1234 473 odiunt,
1269 435 1303 463 et
1325 428 1520 476 facientes

216 485 312 521 bona
345 496 415 533 que
445 484 519 533 ipsi
548 485 753 534 negligunt
777 492 1048 533 persecuntur.
1082 486 1158 521 Sed
1192 497 1263 532 pro
1286 484 1519 532 ignorancia
1586 506 1754 533 Difference

184 547 328 579 5notat
361 541 589 588 Gregorius,
635 543 742 590 quod
779 542 887 577 aliud
924 550 978 578 est
1019 542 1165 578 nescire
1208 550 1243 578 et
1281 542 1388 578 aliud
1419 543 1520 579 nolle
1545 575 1552 602 i
1579 542 1789 602 ugiziliggnand

214 600 335 643 scire;
366 598 517 635 nescire
550 607 683 634 autem
718 599 953 635 excedencia
979 599 1056 635 vim
1090 599 1254 649 sciendi,
1294 599 1518 637 cuiusmodi
1552 583 1789 645 rinwiningness

215 665 305 692 sunt
338 665 470 704 preter
502 656 725 692 necessaria
757 658 806 692 ad
839 657 1021 702 salutem,
1069 657 1175 705 capit
1219 657 1519 694 excusacionem
1592 649 1623 672 to
1644 646 1745 672 know.

215 715 283 750 sed
330 714 435 750 nolle
479 713 579 749 scire
622 714 790 750 faciliter
821 714 974 750 scibilia
1005 714 1231 751 necessaria
1269 716 1318 750 ad
1351 716 1517 752 salutem

215 770 398 819 provenit
442 783 485 807 ex
517 771 703 819 superbia
735 780 772 807 et
805 780 863 807 est
895 772 1164 822 dampnabile,
1206 784 1296 808 cum
1329 772 1378 809 sit
1409 772 1521 820 igno-

164 844 200 864 10
215 828 351 865 rancia
397 841 529 865 crassa
573 837 610 865 et
641 829 784 877 supina
816 841 859 865 ex
891 829 1091 877 superbia,
1137 842 1213 878 que
1255 839 1312 866 est
1343 830 1519 878 primum

99 893 175 921 221⁰
214 886 415 923 vinculum
447 886 700 933 dyabolicum
734 882 1087 940 liganslsupinum
1123 889 1173 923 ad
1207 887 1266 923 sui
1299 889 1519 936 dampnum

215 943 406 992 quicquid
439 944 576 980 fecerit
598 945 870 992 laborantem;
904 943 995 981 ideo
1029 957 1109 981 non
1132 953 1310 992 superest
1333 958 1405 982 nos
1428 958 1520 982 vasa

215 1001 370 1049 fragilia
403 1010 440 1037 et
472 1001 611 1049 ignara
644 1010 681 1038 et
713 1014 783 1049 per
816 1014 1065 1050 consequens
1095 1014 1139 1038 ex
1171 1002 1326 1039 defectu
1359 1003 1519 1039 humili-

214 1059 319 1103 tatis,
374 1058 555 1095 mititatis
607 1068 644 1095 et
695 1059 871 1096 caritatis
912 1059 1049 1096 collisa
1101 1060 1176 1096 nisi
1221 1073 1425 1098 recurrere
1470 1062 1521 1097 ad

163 1121 198 1153 15
214 1116 459 1165 sapienciam
482 1116 606 1164 patris
631 1126 769 1153 contra
792 1117 1079 1164 ignoranciam,
1105 1119 1155 1154 ad
1176 1119 1341 1154 verbum
1358 1117 1520 1155 Domini

214 1174 253 1210 in
297 1182 478 1210 eternum
523 1186 760 1222 permanens
807 1183 946 1212 contra
978 1175 1249 1223 fragilitatem,
1295 1184 1332 1212 et
1369 1176 1521 1213 discere

215 1233 263 1268 ab
288 1244 334 1268 eo
358 1231 425 1280 qui
448 1240 506 1269 est
536 1231 693 1278 caritas,
729 1231 918 1269 miticiam
949 1241 986 1268 et
1017 1232 1298 1280 humilitatem,
1332 1242 1374 1270 ut
1406 1235 1522 1270 docet

215 1290 337 1326 Math.
370 1290 437 1335 XI,
473 1289 538 1336 28,
568 1301 639 1339 29:
686 1290 813 1327 Venite
843 1291 894 1326 ad
926 1302 985 1326 me
1016 1303 1146 1327 omnes
1176 1291 1240 1339 qui
1270 1291 1457 1328 laboratis
1487 1299 1522 1328 et

213 1347 279 1396 qui
320 1347 471 1383 onerati
500 1347 601 1394 estis,
644 1354 679 1383 et
722 1360 795 1397 ego
834 1348 1002 1398 reficiam
1037 1361 1124 1393 vos,·
1165 1356 1200 1384 et
1232 1349 1364 1385 discite
1394 1362 1415 1385 a
1448 1361 1520 1399 me,

159 1418 201 1439 20
215 1405 301 1453 quia
333 1404 435 1441 mitis
465 1417 548 1441 sum
581 1411 616 1441 et
647 1405 802 1441 humilis
833 1406 963 1452 corde,
996 1405 1050 1442 ita
1084 1407 1191 1454 quod
1224 1406 1375 1443 miticia
1407 1407 1521 1443 tollat

215 1462 470 1510 asperitatem
515 1462 685 1499 ollarum
731 1462 842 1511 figuli
886 1476 926 1500 se
971 1463 1267 1509 collidencium,
1317 1464 1521 1501 humilitas

214 1519 264 1556 sit
296 1519 409 1568 quasi
442 1520 576 1556 fenum
610 1519 813 1568 propriam
850 1520 1103 1568 fragilitatem
1141 1534 1367 1558 memorans
1400 1522 1519 1558 inter-

215 1586 388 1628 ceptum,
433 1586 469 1614 et
514 1577 658 1614 caritas
691 1578 740 1614 sit
770 1578 974 1615 vinculum
1009 1579 1201 1627 colligans
1235 1580 1307 1616 hec
1340 1582 1520 1616 membra

215 1644 251 1672 et
295 1647 431 1671 eorum
476 1648 599 1683 opera
642 1648 762 1683 super
800 1635 1006 1672 hominem
1039 1636 1268 1673 interiorem
1303 1645 1341 1674 et
1372 1637 1521 1674 senciet

159 1696 198 1728 25
215 1704 333 1729 suave
348 1705 393 1729 ac
411 1693 494 1729 leve
510 1693 701 1742 quicquid
717 1693 791 1730 sibi
807 1693 1031 1741 contigerit.
1053 1694 1145 1731 Ideo
1167 1694 1263 1731 dicit
1276 1695 1521 1742 Augustinus

215 1762 333 1789 suber
371 1751 494 1787 Math.
534 1752 726 1788 Sermone
762 1752 816 1788 X:
864 1751 1011 1788 Discite
1052 1765 1074 1787 a
1118 1765 1177 1788 me
1220 1765 1292 1789 non
1337 1754 1519 1789 mundum

216 1808 436 1857 fabricare,
469 1820 540 1844 non
573 1821 721 1853 creare,
753 1822 825 1845 non
858 1810 1049 1845 mirabilia
1076 1810 1221 1858 facere
1257 1810 1319 1846 vel
1349 1818 1523 1847 mortuos

215 1866 415 1912 suscitare,
447 1866 515 1902 sed
544 1866 720 1916 quoniam
755 1867 856 1903 mitis
886 1879 969 1903 sum
1002 1875 1037 1903 et
1068 1867 1223 1904 humilis
1253 1869 1382 1904 corde.

147 1927 177 1957 O
275 1924 372 1959 Cum
392 1923 496 1960 enim
517 1924 715 1961 humilitas
738 1924 788 1962 sit
810 1925 1115 1961 fundamentum
1137 1925 1352 1973 spiritualis
1376 1925 1522 1962 fabrice
1538 1934 1806 1969 Humilityshoulc.¹

161 1985 202 2017 30
217 1989 254 2016 et
282 1989 433 2028 quanto
456 1981 542 2029 quis
566 1981 740 2030 disponit
764 1983 956 2019 maiorem
978 1984 1169 2030 inponere
1193 1984 1338 2020 molem
1363 1983 1521 2030 edificii,
1550 1969 1791 2038 Γξῇἓξῐῑζθᾞῆἓῐ

218 2039 265 2074 de
308 2046 419 2075 tanto
452 2038 547 2076 iacit
578 2039 703 2076 alcius
735 2040 1037 2077 fundamentum
1082 2042 1196 2077 huius
1229 2041 1391 2088 fabrice,
1435 2054 1522 2089 per·
1548 2038 1631 2066 heis
1651 2039 1782 2074 ”01¹¹ng

217 2094 344 2143 tingat
375 2109 500 2144 usque
531 2098 581 2134 ad
614 2098 782 2134 tercium
817 2098 943 2134 celum
984 2099 1091 2146 quod
1123 2108 1282 2147 oportet
1320 2100 1521 2135 hominem

218 2153 421 2190 humiliter
453 2167 492 2191 se
524 2167 809 2203 recognoscere
838 2152 842 2208 l
871 2157 1074 2204 quoddam
1104 2156 1241 2203 nichil,
1275 2156 1367 2205 quia
1390 2158 1522 2205 quoad

220 2210 468 2248 materialem
516 2213 732 2250 essenciam
779 2226 853 2262 que
897 2221 954 2250 est
1000 2214 1166 2251 materia
1209 2215 1337 2261 prima
1377 2222 1434 2251 est
1465 2227 1522 2251 se-

163 2273 201 2305 35
221 2270 392 2305 cundum
427 2269 687 2318 philosophos
719 2272 848 2319 ipsum
882 2270 1016 2308 nichil.
1050 2272 1136 2319 Ipsa
1160 2273 1263 2308 enim
1288 2284 1331 2307 ex
1354 2273 1522 2320 septimo

219 2326 504 2375 Methaphisice
537 2339 603 2364 nec
635 2336 689 2364 est
721 2329 810 2376 quid
842 2341 908 2365 nec
937 2329 1049 2378 quale
1080 2342 1147 2366 nec
1177 2329 1325 2378 aliquid
1354 2330 1521 2366 aliorum

193 2426 196 2428 v
218 2384 362 2421 encium
397 2393 434 2421 et
466 2386 684 2421 secundum
708 2386 972 2433 Augustinum
1006 2395 1063 2423 est
1085 2386 1214 2423 verius
1240 2399 1367 2436 prope
1389 2387 1524 2432 nichil;

217 2443 435 2478 secundum
458 2454 549 2479 vero
582 2443 754 2491 speciem
780 2452 837 2480 est
860 2445 980 2480 homo
1003 2444 1063 2480 vel
1091 2444 1348 2481 accidentalis
1371 2444 1523 2492 species

218 2500 268 2535 ad
299 2499 597 2537 similitudinem
630 2501 702 2536 Dei
734 2501 851 2548 facta,
897 2501 1124 2538 accidencia
1156 2514 1248 2538 vero
1281 2501 1400 2538 nichil
1432 2511 1522 2539 sunt

160 2570 204 2600 40
219 2565 397 2605 respectu
430 2558 676 2605 substancie3
710 2558 799 2595 ideo
834 2558 927 2595 dicit
958 2560 1172 2607 Apostolus
1205 2560 1289 2598 Gal.
1311 2561 1373 2605 VI,
1404 2571 1447 2609 3:
1482 2561 1525 2596 Si

93 2155 175 2188 221¹¹

290 2738 343 2773 26.
370 2739 461 2782 Opp.
487 2745 572 2771 tom.
597 2740 638 2782 V⁷
677 2750 753 2782 pag.
782 2739 859 2780 380.
898 2741 1007 2772 Serm.
1041 2740 1129 2771 LXX
1163 2741 1213 2772 De
1245 2741 1370 2773 Verbis
1402 2740 1521 2774 Matth.

217 2786 273 2828 XI,
301 2785 354 2817 25.
451 2785 503 2818 36.
529 2785 682 2828 Metaph.
701 2787 771 2826 VII⁷
798 2797 870 2828 cap.
898 2787 951 2819 ΙΙΙ.

286 2852 329 2879 De
350 2851 439 2880 Civili
458 2852 615 2880 Dominio.
635 2852 686 2880 ΙΙΙ.
1344 2856 1382 2889 35
