2050 3292
205 222 293 248 ων.
318 210 411 267 xm]
670 223 803 254 LIBER
830 223 1038 254 TERTIUS.

86 336 162 380 150b
208 342 282 365 con
311 326 315 380 Ι
345 329 504 365 cludere
538 342 559 365 a
595 328 754 365 maiori:
802 329 842 365 Si
886 329 949 364 isti
993 328 1144 364 iudices
1190 328 1289 375 layci
1334 329 1512 365 vixerunt

206 387 326 423 vitam
360 395 442 423 tarn
475 398 692 434 pauperem
730 387 953 433 elongatam
989 399 1010 422 a
1034 386 1221 423 civilitate
1245 386 1285 422 in
1309 388 1394 434 lege
1428 400 1512 423 car-

208 444 301 490 nali,
336 445 461 480 multo
496 444 622 492 magis
644 457 715 480 nos
748 446 974 480 sacerdotes
998 444 1158 488 Christi,
1194 444 1259 492 qui
1285 444 1326 479 fit
1350 450 1513 492 genero-

207 502 385 538 sissimus
431 511 467 538 et
507 502 787 549 pauperrimus
821 503 1011 538 debemus
1058 502 1181 537 instar
1228 502 1339 537 ducis
1386 502 1512 538 nostri

175 559 337 595 §vivere
370 560 409 595 in
442 560 589 595 arciori
623 560 849 607 evangelica
882 568 1129 607 paupertate.
1182 561 1229 594 Et
1263 568 1372 607 patet
1405 561 1512 607 quod

208 626 488 665 argumentum
536 619 583 653 de
623 618 807 653 Samuele
854 617 996 653 militat
1041 619 1090 653 ad
1133 617 1376 664 oppositum,
1422 630 1510 653 cum

207 675 290 722 ipse
324 688 403 711 non
435 677 620 711 sacerdos
652 677 719 711 sed
765 676 899 722 laycus
932 675 972 710 in
1005 676 1090 722 lege
1123 683 1286 722 propter
1332 688 1509 711 amorem

208 733 354 768 Christi
387 732 478 768 vixit
509 733 628 769 vitam
655 742 735 769 tam
761 745 992 780 pauperem.
1028 733 1174 768 Dicunt
1198 732 1303 768 enim
1328 735 1512 769 doctores

207 792 312 838 quod
344 791 416 826 fuit
449 790 567 826 levita
600 790 738 839 iustus,
783 803 863 826 non
895 790 1101 827 Aaronita.
1155 793 1202 826 Et
1235 800 1428 838 quantum
1463 792 1510 826 ad

154 848 304 885 10illud
336 849 478 884 Jerem.
513 848 657 896 primo,
698 856 804 895 patet
838 850 944 896 quod
977 861 1056 884 non
1088 847 1162 883 fuit
1196 861 1216 883 a
1249 851 1332 884 Deo
1367 848 1512 884 consti-

207 914 313 941 tutus
346 919 464 953 super
490 915 624 953 gentes
649 914 684 941 et
708 919 827 953 regna
852 907 900 941 ad
934 906 1227 941 dominandum
1246 906 1299 942 eis
1333 906 1511 951 civiliter,

207 963 300 1011 quia
333 972 426 999 tunc
460 966 564 999 Deus
597 964 842 1000 constituens
875 963 1129 1011 implevisset,
1164 965 1230 999 sed
1263 973 1371 1011 patet
1405 965 1512 1011 quod

208 1022 355 1057 nedum
390 1034 469 1057 non
504 1022 733 1058 dominatus
767 1021 840 1057 fuit
874 1021 929 1057 sic
963 1021 1159 1068 gentibus,
1200 1023 1267 1057 sed
1301 1034 1373 1057 nec
1407 1021 1513 1069 genti

208 1079 382 1126 proprie,
419 1092 507 1115 cum
542 1079 615 1115 fuit
649 1081 696 1115 ab
722 1079 775 1115 eis
808 1088 1000 1126 tanquam
1035 1091 1187 1126 pauper
1220 1079 1513 1115 abiectissimus

156 1142 191 1172 15
208 1146 453 1184 persecutus,
489 1146 530 1172 ut
563 1146 672 1184 patet
704 1139 847 1174 Jerem.
881 1138 930 1172 XI
965 1146 1000 1172 et
1032 1136 1155 1182 infra3
1197 1146 1233 1172 et
1266 1137 1370 1172 idem
1403 1146 1513 1184 patet

210 1196 257 1230 de
289 1195 468 1241 Baptista
502 1204 538 1230 et
573 1195 792 1231 carioribus
827 1194 969 1230 Christi
1017 1194 1232 1241 discipulis.
1289 1194 1401 1230 Unde
1446 1195 1513 1230 illa

209 1265 272 1288 sex
305 1253 437 1288 officia
471 1254 519 1288 ad
544 1265 619 1300 que
644 1255 748 1288 Deus
772 1252 984 1288 Jeremiam
1011 1251 1218 1287 constituit
1241 1264 1358 1299 super
1378 1260 1512 1299 gentes

211 1319 246 1345 et
270 1322 388 1357 regna
423 1311 583 1357 exponit
618 1310 916 1358 Lyncolniensis
940 1310 978 1345 in
1002 1321 1187 1346 sermone
1221 1311 1270 1345 ad
1304 1309 1512 1346 dominum

209 1380 356 1415 papam
392 1368 526 1404 dicens
551 1370 656 1416 quod
691 1369 865 1415 prelatus
900 1376 936 1403 et
959 1367 1183 1415 specialiter
1205 1380 1308 1415 papa
1342 1367 1513 1415 singula—

156 1441 195 1460 20
211 1425 304 1461 riter
348 1426 585 1462 constitutus
631 1435 687 1462 est
720 1438 838 1473 super
872 1434 1006 1472 gentes
1041 1434 1076 1461 et
1121 1438 1241 1472 regna
1287 1433 1325 1460 ut
1358 1437 1515 1460 errores

207 1485 358 1532 peccati
390 1484 528 1519 evellat
560 1496 608 1519 ne
643 1484 719 1520 sint
752 1484 791 1519 in
824 1484 1038 1528 voluntate,
1079 1490 1118 1518 ut
1151 1484 1325 1519 destruat
1357 1495 1405 1518 ne
1439 1483 1515 1518 sint

212 1542 250 1576 in
284 1541 457 1587 accione,
493 1549 531 1576 ut
565 1543 764 1590 disperdat
797 1554 843 1576 ne
877 1541 953 1576 sint
999 1541 1037 1576 in
1073 1541 1373 1587 consuetudine,
1409 1549 1444 1575 et
1478 1548 1516 1575 ut

213 1599 369 1647 dissipet
392 1611 438 1634 ne
463 1600 539 1635 sint
563 1600 601 1635 in
627 1599 850 1635 memoriali
866 1599 1112 1641 intencione,
1148 1607 1184 1634 et
1206 1607 1293 1645 post
1317 1598 1513 1634 ammoni-

97 1662 172 1704 1590
212 1656 366 1692 cionem
398 1652 401 1709 Ι
432 1657 583 1704 peccati
617 1657 812 1693 obstantis
857 1657 992 1692 onmia
1026 1665 1132 1692 recta
1171 1665 1308 1692 sancta
1342 1665 1378 1692 et
1411 1657 1513 1692 salu-

155 1714 312 1751 25taria
344 1714 492 1763 edificet
524 1715 563 1750 in
587 1715 795 1751 accionum
821 1714 1050 1762 frequencia
1083 1722 1117 1749 et
1144 1715 1294 1762 plantet
1316 1714 1355 1749 in
1379 1714 1514 1750 volun-

209 1772 301 1808 tatis
346 1772 555 1808 memoria.
609 1774 686 1809 Sed
731 1785 828 1820 rogo
873 1773 968 1819 quid
1013 1771 1259 1819 pertinerent
1302 1772 1365 1808 isti
1405 1780 1515 1807 actus

212 1830 375 1866 ecclesie
409 1830 602 1866 ierarchie
626 1831 674 1866 ad
699 1831 810 1866 civile
845 1829 1095 1865 dominium?
1127 1832 1206 1865 Nos
1236 1829 1355 1877 igitur
1387 1842 1514 1865 sacer-

212 1889 323 1924 dotes
348 1888 493 1925 Christi
526 1898 757 1924 notaremus
789 1888 910 1923 vitam
945 1887 1049 1922 illius
1083 1888 1299 1923 sacerdotis
1323 1888 1513 1932 Anathot,

211 1945 250 1981 in
295 1954 444 1993 quanta
489 1947 706 1994 penalitate
752 1955 788 1981 et
834 1954 1070 1993 paupertate
1114 1945 1273 1987 vixerat,
1320 1954 1361 1980 ut
1408 1954 1516 1992 patet

156 2008 195 2038 30
211 2003 379 2039 Jeremie
411 2005 460 2039 XI
494 2013 530 2040 et
562 2005 765 2041 XXXVIII.
819 2005 1059 2039 Notaremus
1103 2005 1277 2038 secundo
1311 2004 1516 2050 quomodo

212 2060 393 2097 illicitum
428 2061 502 2097 fuit
536 2061 598 2098 isti
633 2062 827 2109 prophete
861 2070 897 2097 et
929 2060 1129 2097 sacerdoti
1161 2061 1355 2097 Aaronite
1389 2060 1516 2096 domi-

211 2118 297 2154 nari
334 2119 512 2165 civiliter,
558 2120 652 2167 quia
685 2120 835 2155 habens
870 2118 1086 2155 Dominum
1121 2118 1161 2153 in
1193 2128 1345 2166 partem
1382 2117 1516 2154 debuit

213 2178 259 2212 de
284 2177 447 2213 decimis
482 2186 518 2212 et
542 2177 818 2213 oblacionibus
851 2178 911 2212 vel
944 2176 1172 2212 elemosinis
1206 2176 1441 2221 contentari,
1476 2185 1517 2210 ut

212 2243 319 2281 patet
352 2235 514 2272 Deuter.
546 2236 668 2270 XVIII
703 2244 739 2270 et
773 2234 980 2282 exponitur
1013 2234 1189 2281 capitulo
1221 2234 1294 2269 XII
1327 2233 1442 2269 huius
1465 2235 1516 2274 V;

156 2295 194 2326 ‘2¹5
212 2301 248 2327 et
281 2301 374 2327 tunc
409 2305 489 2328 non
523 2305 780 2340 argueremus
814 2301 893 2328 tam
931 2304 1020 2328 cece
1053 2293 1160 2339 quod
1194 2291 1379 2327 dominus
1414 2304 1517 2339 papa

212 2351 327 2385 debet
351 2362 432 2386 esse
457 2350 580 2386 civilis
604 2351 790 2386 dominus
815 2350 941 2386 tocius
975 2349 1259 2385 christianismi
1293 2362 1361 2397 per
1384 2350 1515 2385 Iocum

204 2409 233 2442 'a
266 2407 526 2443 similitudine
571 2408 778 2455 regularie,
826 2421 912 2443 cum
960 2407 1128 2443 scientes
1173 2407 1380 2443 historiam
1421 2406 1517 2454 legis

212 2465 354 2500 veteris
387 2465 529 2515 sciunt7
561 2467 669 2513 quod
702 2467 776 2501 hoc
810 2465 969 2501 deducit
1002 2465 1246 2512 oppositum.

269 2523 413 2558 Tercio
446 2536 538 2559 vero
571 2533 801 2559 notaremus
836 2523 1011 2559 officium
1046 2523 1259 2558 limitatum
1291 2522 1353 2558 isti
1388 2534 1517 2559 sacer-

155 2594 198 2623 40
214 2579 295 2615 doti
330 2593 351 2616 a
385 2583 467 2616 Deo
501 2589 537 2616 et
571 2581 610 2616 in
643 2590 792 2629 quanta
837 2580 1102 2616 tribulacione
1135 2580 1265 2628 ipsum
1298 2580 1518 2627 perfecerat
1546 2574 1558 2600 f

283 2720 310 2746 o.
333 2713 444 2746 z‘ustus‚·
469 2714 553 2741 cod.:
577 2715 627 2748 19'-
749 2722 786 2741 12.
814 2714 1014 2749 implevisset;
1048 2714 1095 2740 liic
1130 2714 1244 2747 aliquot
1274 2713 1364 2740 verba
1395 2713 1505 2740 desunt

214 2749 260 2774 26.
283 2747 377 2774 Cod.:
395 2750 574 2783 pertineret.
665 2748 707 2784 37.
730 2749 909 2785 regulari&
928 2749 1012 2775 cod:
1034 2752 1100 2775 re'c·

290 2829 336 2860 ¹7-
362 2820 488 2852 jerem.
521 2819 545 2862 I,
584 2831 631 2851 10.
706 2819 753 2852 18.
781 2820 936 2862 Epistola
951 2821 1073 2852 XXXV
1094 2819 1145 2851 ed.
1165 2819 1208 2861 by
1228 2819 1354 2858 Luard,
1382 2830 1413 2861 p.
1446 2820 1517 2852 123.

1716 224 1794 263 395

1563 912 1631 939 The
1653 920 1758 945 power

1576 947 1702 981 granted
1724 951 1754 973 to

1546 981 1698 1008 ,lercmiali
1720 989 1783 1007 was

1557 1017 1696 1051 spiritual
1719 1020 1772 1042 not

1627 1051 1706 1078 civil.

1551 2538 1605 2564 Let
1625 2546 1660 2565 us
1683 2542 1729 2572 try
1749 2542 1778 2563 to

1560 2573 1617 2600 ulfi]
1641 2573 1689 2599 the
1709 2573 1796 2599 office

1568 2608 1669 2635 which
1692 2607 1761 2635 God
