2050 3292
253 209 341 238 CAP.
361 202 478 254 XXV]
724 214 858 245 LIBER
884 213 1091 245 TERTiUs.

252 317 509 363 universitati,
557 318 682 354 eciam
716 319 810 366 ipsis
844 319 1071 366 dampnatis
1102 327 1138 354 et
1170 321 1219 355 ad
1264 321 1556 356 ostendendum

251 377 471 411 secundum
518 375 692 412 diversos
737 378 883 424 gradus
928 389 1040 412 suam
1087 376 1345 424 sapienciam.
1400 378 1443 413 In
1483 379 1556 413 hoc

131 436 213 475 238a
251 433 358 468 enim
415 433 587 469 ostendit
643 434 872 481 dampnatis
920 431 923 486 J
971 446 1082 469 suam
1144 434 1461 470 misericordiam
1522 444 1558 470 et

251 490 307 526 sic
355 490 566 538 utrobique
599 499 728 527 servat
762 493 864 527 Deus
897 504 1009 527 suam
1055 491 1268 538 iusticiam,
1314 492 1556 539 sapienciam

219 550 288 583 5et
321 547 652 593 misericordiam,
698 548 898 584 neminem
944 548 1145 596 premians
1177 550 1237 585 vel
1276 549 1442 596 puniens
1475 549 1557 585 sine

252 617 371 641 causa
415 606 481 641 sed
528 605 801 642 indifferenter
844 608 1061 642 secundum
1108 608 1215 654 quod
1261 607 1445 642 convenit
1491 620 1557 642 sue

252 662 526 699 misericordie
549 662 776 711 utrobique.
812 664 925 699 Unde
948 663 1051 699 sicut
1082 664 1291 711 dampnati
1324 664 1558 700 naturaliter

253 719 422 767 diligunt
457 722 597 764 Deum,
631 720 685 756 sic
719 722 1123 768 superhabundanter
1156 730 1193 757 et
1226 721 1358 769 previe
1392 723 1458 757 dat
1481 722 1557 757 illis

253 789 351 823 esse,
382 790 517 824 ymmo
534 789 672 813 omnes
689 779 895 826 dampnati
920 780 1193 825 superaddunt
1216 779 1556 826 ingratitudinem,

184 837 213 867 Κ
253 834 308 871 sic
353 836 457 882 quod
505 834 816 871 misericorditer
860 837 1094 883 puniuntur.
1157 838 1199 871 In
1246 836 1431 872 omnibus
1474 837 1557 872 istis

253 900 408 940 oportet
441 904 578 928 cavere
611 894 657 928 de
701 893 790 929 loco
824 895 871 929 ab
905 893 1159 929 insufficienti
1198 893 1471 940 similitudine,
1517 902 1559 929 ut

254 949 307 985 hii
353 958 525 997 arguunt
558 962 601 985 ex
633 949 960 986 similitudinibus
994 950 1196 998 predictis,
1242 953 1348 999 quod
1380 951 1466 987 fons
1499 952 1559 986 vel

254 1007 362 1043 radix
389 1016 556 1055 purgata
578 1020 659 1043 non
692 1007 870 1044 inficeret
902 1010 1009 1056 quod
1039 1008 1176 1044 exinde
1206 1008 1453 1056 producitur,
1486 1021 1558 1044 nec

255 1066 365 1101 heres
412 1064 693 1101 reconciliatus
746 1066 792 1101 de
844 1065 1095 1102 forisfactura
1148 1079 1226 1101 non
1271 1066 1558 1102 exhereditabit

201 1122 424 1171 15amplius
457 1135 580 1170 genus
624 1135 752 1159 suum.
800 1123 933 1170 Igitur,
969 1136 1055 1159 cum
1092 1124 1272 1160 Christus
1305 1124 1488 1171 purgavit
1521 1133 1557 1159 et

253 1179 523 1216 reconciliavit
545 1180 717 1227 perfecte
740 1193 862 1227 genus
896 1182 1130 1226 humanum,
1160 1181 1315 1217 videtur
1346 1183 1453 1229 quod
1477 1194 1557 1217 non

252 1237 470 1274 forisfaciet
514 1237 684 1284 amplius
730 1251 801 1285 pro
840 1251 912 1274 suo
945 1251 1109 1286 genere,
1157 1252 1244 1274 cum
1293 1239 1396 1275 enim
1438 1251 1557 1274 omne

251 1304 480 1343 generatum
516 1295 564 1330 sit
597 1296 899 1343 quodammodo
932 1309 954 1332 a
984 1308 1055 1331 suo
1088 1296 1219 1343 simili,
1264 1296 1418 1332 videtur
1451 1296 1558 1344 quod

252 1361 435 1401 parentes
470 1352 606 1388 mundi
640 1354 688 1388 ab
721 1353 907 1401 originali
940 1366 1018 1389 non
1042 1356 1289 1401 generabunt
1312 1353 1557 1401 originaliter

194 1421 236 1442 20
254 1411 510 1447 maculatum.
556 1411 632 1446 Pro
671 1410 816 1446 talibus
860 1420 1019 1458 oportet
1065 1420 1205 1447 notare
1252 1411 1555 1448 similitudinem

251 1476 447 1516 quantum
473 1466 643 1515 pertinet
665 1468 835 1511 veritati3
870 1481 962 1504 nam
987 1469 1095 1505 aliud
1129 1478 1185 1505 est
1217 1470 1367 1506 solvere
1401 1477 1555 1505 reatum

251 1526 421 1561 hominis
451 1526 682 1561 reducendo
716 1527 765 1561 ad
798 1526 970 1573 primam
1005 1526 1282 1562 innocenciam
1316 1526 1399 1562 sine
1431 1527 1555 1562 vesci-

252 1592 386 1619 mento
420 1594 518 1630 pene
546 1583 606 1618 vel
640 1583 765 1631 culpe,
801 1593 837 1619 et
870 1583 978 1620 aliud
1012 1593 1069 1621 est
1101 1585 1252 1620 solvere
1278 1593 1432 1620 reatum
1459 1597 1556 1632 quo-

251 1642 300 1677 ad
345 1639 679 1688 dampnacionem
724 1653 826 1688 pena
870 1641 909 1677 in
954 1642 1191 1678 memoriam
1224 1650 1474 1687 remanente3
1522 1650 1557 1678 et

195 1698 326 1734 25ist0
372 1699 547 1734 secundo
582 1700 701 1734 modo
746 1699 915 1735 redemit
949 1699 1128 1736 Christus
1162 1712 1284 1747 genus
1319 1701 1552 1737 humanum.

252 1759 339 1792 Non
385 1755 488 1792 enim
536 1755 707 1792 restituit
739 1756 942 1792 hominem
977 1757 1205 1794 immediate
1238 1759 1288 1793 ad
1319 1757 1555 1793 immortali-

250 1822 369 1849 tatem
417 1822 453 1849 et
497 1813 657 1860 plenum
691 1822 838 1850 statum
872 1814 1121 1860 innocencie,
1168 1816 1235 1850 sed
1282 1816 1394 1863 quasi
1427 1815 1556 1851 incar-

251 1880 427 1907 ceratum
473 1870 605 1918 posuit
649 1884 738 1907 eum
784 1871 823 1907 in
855 1873 955 1908 valle
999 1873 1254 1908 lacrimarum
1288 1885 1377 1909 cum
1418 1872 1554 1909 multis

130 1928 211 1970 238¹³
250 1925 565 1981 penallitatibus
590 1936 627 1963 et
655 1929 794 1965 fomite
826 1929 993 1976 peccati,
1026 1930 1080 1965 sic
1114 1931 1221 1978 quod
1253 1930 1294 1966 in
1327 1930 1402 1966 isto
1430 1931 1554 1966 libero

193 1988 235 2019 30
250 1998 409 2022 carcere
442 1986 592 2033 positus
626 1999 785 2022 necesse
810 1987 953 2023 habeat
975 1987 1109 2023 venire
1133 1989 1181 2023 ad
1206 1987 1323 2023 finale
1346 1987 1552 2032 iudicium,

249 2045 465 2093 secundum
520 2046 626 2091 quod
686 2057 725 2080 se
782 2045 944 2091 gesserit
1002 2046 1214 2081 salvandus
1272 2045 1444 2081 finaliter
1495 2047 1554 2081 vel

250 2102 542 2149 dampnandus.
595 2104 642 2137 Et
687 2102 758 2137 hec
803 2102 911 2138 racio
956 2115 1078 2150 quare
1123 2111 1281 2150 oportet
1319 2116 1391 2139 nos
1424 2103 1551 2139 incar-

249 2168 403 2195 ceratos
449 2159 619 2195 dolendo
668 2159 855 2195 continue
900 2160 1051 2196 conteri
1087 2162 1133 2196 de
1177 2169 1357 2208 peccato,
1404 2170 1439 2197 et
1484 2161 1550 2206 ita,

248 2216 349 2252 sicut
373 2229 541 2264 persona
565 2216 625 2252 cui
649 2225 781 2252 reatus
805 2217 1019 2253 dimittitur
1043 2218 1160 2254 habet
1184 2218 1224 2253 in
1256 2230 1295 2254 se
1319 2218 1550 2255 discrasiam

193 2274 504 2310 35m01-talitatis
549 2283 586 2309 et
629 2274 808 2310 fomitem
855 2275 1022 2322 peccati,
1069 2275 1123 2311 sic
1163 2288 1323 2312 necesse
1357 2285 1413 2312 est
1446 2278 1553 2323 quod

249 2340 408 2379 generet
441 2331 591 2379 prolem
627 2332 824 2379 leprosam
873 2341 910 2368 et
941 2332 1251 2369 insufficientem
1285 2345 1441 2369 servare
1475 2333 1551 2369 ori-

194 2422 197 2425 ,
248 2388 420 2436 ginalem
454 2389 648 2425 iusticiam
683 2398 720 2425 et
752 2402 821 2436 per
854 2402 1101 2438 consequens
1135 2399 1293 2437 oportet
1318 2392 1471 2438 prolem
1497 2391 1551 2427 sic

247 2446 347 2494 lapsi
392 2446 560 2482 deficere
605 2460 626 2482 a
670 2446 826 2483 iusticia
870 2447 1072 2495 originali3
1127 2456 1162 2483 et
1205 2448 1261 2484 sic
1301 2457 1410 2495 patet
1443 2451 1549 2496 quod

248 2504 399 2552 primus
447 2516 614 2551 peccans
647 2504 894 2552 originaliter
924 2505 983 2541 vel
1028 2505 1235 2541 actualiter
1267 2514 1430 2553 generat
1463 2519 1550 2553 pec-

189 2573 232 2602 40
250 2569 438 2605 catorem‚
486 2563 553 2597 sed
598 2574 678 2598 non
723 2570 879 2609 oportet
925 2564 1032 2610 quod
1076 2563 1307 2599 immediate
1359 2564 1407 2599 sit
1460 2564 1548 2599 talis

249 2619 375 2667 qualis
414 2618 645 2655 immediate
686 2620 930 2667 producitur.
975 2622 1023 2656 Et
1060 2620 1091 2656 si
1132 2620 1309 2668 queritur
1343 2634 1412 2657 cur
1446 2623 1550 2657 Deus

317 2808 340 2835 3.
362 2808 544 2843 dampnatis.
566 2808 659 2836 Cod.:
681 2810 929 2845 dampnabilitas.
1002 2810 1025 2838 5.
1041 2810 1181 2845 puniens.
1203 2809 1298 2837 Cod.:
1317 2818 1469 2845 premens.

1764 208 1842 256 587

1640 1762 1774 1790 Christ's

1571 1797 1764 1831 redemption
1792 1797 1843 1825 did

1571 1836 1624 1858 not
1646 1837 1760 1859 restore
1776 1841 1844 1859 men

1587 1871 1617 1893 to
1638 1867 1687 1893 the
1709 1871 1783 1893 state
1803 1869 1834 1894 ot

1616 1901 1787 1928 innocence
