2050 3292
176 245 257 284 454

208 645 276 674 The
296 646 378 673 heirs
399 644 433 673 of

176 681 262 709 those
286 681 357 708 who
378 681 454 708 have

277 717 367 751 given

214 752 430 779 endowments

201 795 252 814 are
272 786 436 813 interested

204 822 234 849 in
254 821 303 848 the
324 828 436 854 proper

207 864 260 884 use
281 855 316 883 of
332 855 425 882 them.

887 239 946 271 DE
975 238 1111 270 CIVILI
1138 237 1350 270 DOMINio.
1559 227 1663 272 [CAP.
1683 230 1778 259 XXH-

601 408 933 457 CAPITULUM
966 407 1287 455 VICESIMUM
1322 404 1647 453 SECUNDUM.

524 528 578 562 Ex
611 525 692 562 istis
724 523 846 561 videri
879 530 1011 571 potest
1044 523 1152 570 quod
1184 522 1273 558 licet
1301 520 1471 557 dominis
1494 519 1782 567 temporalibus
1822 524 1852 554 A

468 584 623 621 auferre
671 595 692 619 a
737 582 926 629 religiosis
972 581 1138 617 collatas
1192 578 1430 616 elemosinas
1482 580 1780 626 progenitorum

468 654 633 678 suorum
677 642 713 676 in
760 652 855 677 casu
887 651 967 687 quo
1012 637 1268 675 habitualiter
1312 637 1367 673 eis
1400 636 1513 673 abusi
1550 637 1707 682 fuerint,
1741 644 1784 672 ut

469 709 621 736 tactum
655 707 712 736 est
745 698 921 734 XXXVII
954 696 1067 733 tercii
1100 695 1237 741 huius3
1271 704 1380 743 patet
1414 707 1457 731 ex
1490 694 1653 731 racione
1686 695 1817 730 duo-5

470 759 623 794 decima
664 755 808 794 decimi
854 753 1018 803 capituli
1064 754 1182 791 huius
1221 754 1345 802 quinti
1384 761 1421 789 et
1460 753 1667 801 questione
1703 753 1785 789 eius

469 824 625 864 quarta.
680 814 795 860 Quod
839 822 974 850 autem
1019 821 1173 861 spectat
1217 813 1267 849 ad
1312 810 1497 848 dominos
1544 806 1786 863 secullares
1834 809 1913 844 183d

468 882 578 922 patet
617 886 661 911 ex
700 872 816 909 dictis
849 870 982 920 quarti
1015 870 1151 918 huius3
1190 869 1286 918 ipsis
1326 870 1428 906 enim
1462 868 1693 905 iniuriatum
1728 876 1786 904 est

468 945 537 980 per
582 933 750 968 abusum
797 942 866 967 sue
912 929 1146 975 elemosine;
1191 929 1278 964 ideo
1324 940 1445 964 causa
1488 939 1559 964 sua
1597 927 1785 975 precipue

467 992 607 1038 agitur.
641 990 756 1026 Unde
779 996 940 1025 sanctus
960 988 1138 1024 Thomas
1162 985 1337 1024 secunda
1373 986 1545 1022 secunde
1579 985 1785 1033 questione
1805 994 1844 1015 10

467 1048 710 1085 CLXXXVII
744 1055 959 1095 postquam
992 1044 1210 1082 ostenderit
1243 1044 1351 1092 quod
1384 1043 1474 1081 licet
1505 1043 1653 1080 clericis
1686 1044 1786 1080 acci-

467 1118 560 1155 pere
593 1104 866 1154 possessiones
900 1112 981 1140 tam
1017 1116 1186 1151 magnas
1219 1115 1339 1151 quam
1374 1102 1546 1138 minutas
1578 1102 1617 1137 in
1640 1101 1786 1138 elemo—

467 1164 593 1201 sinam
640 1171 684 1199 ut
727 1161 888 1199 liberius
932 1161 1119 1198 insistant
1163 1159 1358 1208 religiosis
1403 1161 1569 1209 actibus,
1614 1172 1786 1207 quorum

469 1224 757 1258 ministratores
781 1221 925 1257 debent
949 1232 1032 1257 esse
1056 1218 1286 1268 participes,
1320 1217 1525 1265 subiungit
1558 1216 1666 1265 quod
1698 1229 1788 1253 usus

468 1281 640 1330 ipsorum
675 1280 867 1316 donorum
901 1279 1135 1315 redderetur
1167 1276 1337 1326 illicitus,
1370 1276 1404 1312 si
1440 1276 1486 1312 ab
1519 1276 1666 1312 actibus
1700 1275 1788 1311 reli·
1808 1275 1844 1306 15

467 1339 590 1389 giosis
635 1337 861 1374 desisterent
904 1344 939 1372 et
983 1343 1164 1385 quantum
1210 1335 1246 1371 in
1278 1347 1318 1371 se
1358 1342 1466 1378 esset,
1502 1334 1790 1382 defraudat-ent

469 1397 718 1433 intencionem
752 1407 885 1432 eorum
919 1394 984 1443 qui
1014 1394 1106 1430 talia
1139 1393 1319 1442 beneficia
1353 1392 1609 1430 contulerunt.
1655 1393 1789 1436 Quare

471 1467 565 1502 ergo
598 1467 679 1490 non
713 1452 857 1490 debent
889 1452 1089 1489 seculares
1122 1452 1272 1488 domini
1305 1462 1388 1488 esse
1421 1449 1567 1487 soliciti
1600 1451 1650 1486 ad
1674 1448 1791 1486 recti-

471 1513 674 1549 ficandum
708 1520 790 1548 tam
813 1523 970 1559 gravem
999 1509 1214 1546 iniuriam?
1247 1517 1285 1545 et
1309 1521 1428 1556 super
1456 1508 1521 1544 illa
1546 1509 1706 1544 racione
1729 1507 1788 1543 in-

470 1569 647 1607 vincibili
682 1570 898 1606 fundantur
931 1569 1037 1616 leges
1070 1568 1209 1615 Anglie
1244 1576 1281 1603 et
1307 1566 1438 1603 civiles
1462 1567 1664 1613 reciproce
1687 1566 1791 1613 capi-
1808 1574 1849 1595 20

469 1630 553 1665 tulo
586 1627 719 1676 quarti
742 1628 856 1663 huius
880 1635 918 1663 et
938 1625 1159 1674 specialiter
1183 1627 1229 1661 de
1245 1625 1328 1672 lege
1358 1625 1467 1668 civili,
1503 1626 1559 1660 De
1583 1623 1790 1672 Capitulis,

476 1687 650 1722 Corradi
680 1694 717 1722 et
751 1687 797 1721 de
837 1685 919 1733 Iege
958 1685 1150 1721 canonica
1182 1685 1266 1719 XVI
1306 1682 1517 1731 questione
1557 1682 1625 1717 VII
1664 1681 1787 1727 Filiis,

472 1752 509 1780 et
541 1744 645 1780 infra
677 1756 747 1792 per
780 1743 907 1779 multa
942 1742 1128 1790 capitula.
1160 1743 1264 1778 Nam
1295 1739 1539 1777 colleccione
1562 1741 1714 1776 decima
1738 1740 1791 1775 sic

472 1803 672 1839 scribitur:
708 1802 750 1837 Si
770 1801 933 1837 clericus
957 1801 1017 1836 vel
1044 1800 1242 1849 episcopus
1271 1799 1332 1835 vel
1359 1799 1477 1834 abbas
1509 1798 1651 1834 habens
1683 1798 1791 1834 bene-

473 1860 612 1910 ficium
645 1872 667 1895 a
699 1871 795 1910 rege
829 1859 960 1895 datum
994 1871 1066 1894 non
1099 1858 1300 1894 solomodo
1328 1868 1496 1906 persone
1526 1857 1596 1892 sed
1635 1855 1792 1892 ecclesie
1808 1854 1846 1885 25

473 1919 595 1968 ipsum
625 1925 793 1967 propter
823 1930 934 1953 suam
968 1917 1120 1965 culpam
1134 1916 1290 1964 perdat,
1325 1927 1366 1951 eo
1392 1915 1538 1951 vivente
1571 1914 1623 1949 ad
1655 1926 1789 1964 regem

468 1976 676 2026 pertineat,
704 1983 795 2025 post
827 1982 991 2011 mortem
1026 1986 1116 2010 vere
1147 1973 1280 2009 clerici
1301 1974 1352 2009 ad
1373 1985 1634 2009 successorem
1660 1984 1791 2008 rever-

474 2042 592 2070 tatur.
646 2036 863 2070 Decretum
912 2041 1045 2069 autem
1091 2040 1361 2068 memoratum
1409 2032 1527 2067 docet
1567 2030 1678 2080 filios
1725 2036 1791 2065 aut

476 2100 629 2141 nepotes
660 2099 726 2127 aut
774 2090 1011 2127 honestiores
1039 2090 1280 2139 propinquos
1308 2086 1312 2140 Ι
1342 2089 1446 2125 illius
1476 2089 1541 2138 qui
1571 2088 1791 2125 construxit
1836 2085 1913 2125 184⁸

476 2152 536 2186 vel
568 2150 704 2185 ditavit
736 2149 935 2185 ecclesiam
969 2148 1073 2185 circa
1106 2148 1227 2196 ipsam
1262 2147 1405 2183 habere
1436 2147 1547 2183 istam
1573 2144 1849 2192 solerciam‚30

475 2216 514 2244 ut
556 2208 590 2244 si
632 2208 873 2244 sacerdotem
918 2206 1064 2256 aliquid
1107 2218 1158 2242 ex
1201 2206 1353 2242 collatis
1397 2205 1510 2241 rebus
1549 2204 1793 2253 defraudare

469 2266 716 2315 previderint
758 2273 825 2300 aut
868 2265 1026 2302 honesta
1065 2263 1412 2300 communicacione
1449 2269 1690 2312 compescant
1727 2269 1793 2297 aut

475 2324 649 2373 episcopo
666 2324 726 2359 vel
739 2323 856 2359 iudici
869 2322 1106 2373 corrigenda
1123 2321 1379 2358 denunccient.
1406 2321 1521 2365 Quod
1540 2321 1574 2357 si
1594 2320 1793 2369 episcopus

477 2382 606 2430 fuerit
637 2381 853 2432 negligens,
889 2381 1042 2417 dicatur
1074 2380 1373 2429 metropolitano
1406 2386 1440 2415 et
1467 2378 1584 2415 tercio
1608 2378 1643 2414 in
1668 2377 1791 2427 negli-

547 2551 587 2577 ις),
609 2551 655 2570 20.
682 2543 777 2571 Cod.:
805 2542 990 2570 invincibile.
1072 2541 1115 2569 23.
1144 2542 1281 2569 collectio
1308 2553 1340 2565 :-
1367 2544 1531 2568 conventus
1556 2552 1588 2564 =
1614 2539 1790 2567 assemhle'e.

476 2586 523 2612 24.
546 2578 639 2606 Cod.:
662 2578 708 2605 vel
728 2578 781 2604 uti.

550 2662 578 2694 5.
606 2662 655 2692 De
680 2661 782 2692 Civili
803 2661 944 2692 Domini
970 2660 993 2703 Ι,
1023 2659 1085 2692 265
1113 2669 1213 2702 seqq.
1309 2659 1340 2691 6.
1367 2660 1455 2691 Vide
1480 2669 1584 2700 supra
1609 2668 1686 2699 pag.
1719 2657 1790 2698 148.

482 2719 531 2741 io.
564 2709 610 2739 St.
637 2707 797 2739 Thomae
830 2707 921 2748 Opp.
954 2713 1040 2738 tom.
1072 2707 1112 2750 X,
1145 2717 1223 2748 pag.
1259 2706 1335 2739 513.
1432 2715 1485 2736 21.
1517 2706 1568 2737 De
1594 2705 1693 2736 Civili
1721 2705 1791 2735 Do-

478 2754 587 2785 minio
606 2753 643 2794 11,
663 2764 736 2795 cap.
751 2754 793 2786 V.
883 2762 935 2786 22.
964 2753 1003 2785 F.
1024 2763 1052 2785 2.
1071 2763 1128 2793 40.
1147 2753 1367 2794 (Feudorum
1388 2751 1494 2794 libri.)
1583 2759 1635 2783 22.
1656 2751 1789 2782 Decreti

477 2800 630 2831 secunda
667 2810 756 2843 pars,
796 2809 897 2831 causa
935 2800 1022 2837 XVI,
1061 2809 1094 2840 q.
1114 2799 1186 2838 VII,
1225 2809 1299 2841 cap.
1338 2799 1454 2829 XXXI.
1564 2796 1615 2828 28.
1655 2797 1789 2828 Decreti

478 2856 581 2877 causa
605 2846 693 2886 XVI,
720 2856 753 2888 q.
774 2846 844 2886 VII,
871 2856 946 2887 cap.
971 2845 1090 2877 XXXI.
