2050 3292
172 864 208 884 Il)

172 1142 206 1174 15

112 1604 186 1637 155⁰

222 223 310 253 CAP.
332 212 429 269 xm]
690 224 823 255 LIBER
851 223 1060 255 TERTIUS.

280 332 353 368 Hic
390 331 612 378 respondeo
645 331 860 366 secundum
902 329 1022 377 prius,
1070 329 1327 365 concedendo
1361 328 1530 376 primam

223 388 555 437 consequenciam
612 396 647 423 et
687 399 948 435 consequens,
1004 400 1092 423 cum
1147 395 1341 434 repugnat
1387 385 1532 423 Christi

224 447 338 483 militi
383 445 550 493 obligari
596 458 708 481 servo
743 445 890 481 Christi
943 445 1029 492 ipso
1077 444 1200 481 milite
1245 443 1435 487 inferiori,
1484 445 1533 479 ad

223 503 542 541 retardacionem
578 502 699 539 divini
738 502 858 538 officii
892 504 999 550 quod
1032 511 1088 538 est
1122 501 1296 550 negociis
1343 501 1532 537 seculari-

224 564 293 598 bus
326 561 544 609 implicari;
591 569 627 596 et
670 560 990 608 inseparabiliter
1035 560 1293 608 consequitur
1338 561 1387 595 ad
1422 559 1533 595 civile

224 620 469 665 dominium3
511 619 599 655 ideo
633 627 816 654 strenuos
852 618 995 654 milites
1029 627 1071 653 ut
1104 619 1332 654 sacerdotes
1366 617 1432 665 qui
1468 619 1532 653 de—

224 680 315 714 bent
349 689 432 714 esse
466 678 586 712 duces
620 676 811 712 exercitus
846 677 1011 712 dedecet
1044 677 1115 712 hec
1148 675 1389 723 implicaciO.

281 734 455 772 Ulterius
488 743 655 782 negatur
690 734 819 769 minor
852 746 1036 781 sequens,
1077 734 1185 781 quod
1218 743 1329 769 actus
1363 733 1533 769 carnalis

225 792 398 840 coniugii
434 792 487 838 (in
511 800 702 839 quantum
739 791 983 835 huiusmodi)
1019 792 1105 838 plus
1139 791 1380 841 distrahunt,
1413 803 1532 839 quam

225 850 347 887 civilis
393 849 623 886 dominacio
669 850 728 885 vel
773 849 981 885 contencio
1015 861 1036 885 a
1070 848 1267 896 spirituali
1314 848 1533 886 sacerdotis

225 907 455 946 ministerio.
508 910 606 944 Nam
643 916 753 944 actus
786 908 885 943 tales
931 920 1019 943 cum
1054 906 1220 943 fuissent
1266 907 1305 942 in
1338 915 1443 943 statu
1476 907 1534 942 in-

224 966 426 1011 nocencie,
473 973 639 1013 possunt
674 977 757 1002 esse
791 964 874 1000 sine
906 973 1084 1013 peccato,
1133 977 1214 1000 non
1254 973 1385 1000 autem
1421 964 1533 1001 civile

225 1023 468 1067 dominiunu
514 1023 603 1059 ideo
638 1035 758 1070 penes
803 1022 1090 1070 proprietatem
1126 1031 1162 1058 et
1196 1022 1532 1070 exproprietatem

224 1081 378 1118 civilem
426 1080 730 1129 distinguuntur
781 1081 977 1116 seculares
1021 1080 1192 1116 usurarii
1236 1081 1295 1117 vel
1340 1080 1472 1116 civiles
1511 1093 1533 1116 a

225 1137 392 1185 clericis,
438 1152 517 1175 non
557 1148 845 1186 autem'penes
893 1137 1123 1186 coniugium
1158 1138 1218 1174 vel
1248 1137 1532 1186 virginitatem.

225 1198 316 1233 Ideo
361 1195 455 1232 dicit
501 1196 680 1233 Christus
726 1196 879 1232 clericis
924 1195 1120 1233 notative:
1173 1196 1245 1232 Vos
1288 1204 1413 1232 autem
1461 1209 1532 1232 non

225 1255 477 1291 dominamini
506 1255 719 1304 gentiliter,
754 1256 847 1293 Luc.
880 1256 995 1299 XXII,
1032 1255 1082 1292 26
1117 1262 1153 1289 et
1187 1254 1291 1290 Petri
1314 1255 1359 1300 V,
1389 1266 1422 1303 3.
1456 1255 1531 1289 Ne-

223 1325 294 1362 que
317 1312 554 1348 dominantes
577 1313 612 1347 in
646 1313 763 1348 clero.
799 1314 847 1348 Et
868 1312 1094 1349 Jeronimus
1129 1321 1164 1347 et
1188 1312 1313 1348 sancti
1349 1313 1532 1348 doctores

225 1370 362 1406 dicunt
407 1369 514 1418 quod
571 1369 704 1406 clerici
750 1372 894 1406 debent
940 1382 1022 1405 esse
1067 1382 1147 1405 non
1193 1370 1364 1415 domini;
1413 1382 1531 1418 quem

224 1440 382 1464 sensum
418 1429 561 1464 docent
595 1428 669 1464 vite
702 1437 930 1464 sanctorum
977 1429 1231 1464 sacerdotum
1277 1440 1357 1463 non
1404 1428 1533 1463 minus

225 1485 440 1523 efficaciter
472 1498 593 1534 quarn
627 1485 836 1533 scriptura,
883 1487 950 1521 sed
985 1495 1021 1521 et
1053 1485 1225 1533 religiosi
1259 1498 1383 1534 usque
1417 1485 1533 1521 hodie

225 1545 370 1580 docent
401 1543 517 1580 istam
551 1543 671 1580 fuisse
704 1543 947 1580 sentenciam
985 1543 1144 1582 Christi.

260 1596 486 1647 ⁷Quantum
519 1613 612 1638 vero
646 1603 695 1637 ad
724 1598 727 1653 l
759 1601 978 1638 castitatem
1005 1600 1102 1637 dicit
1126 1600 1305 1638 Christus
1330 1602 1424 1637 Luc.
1450 1602 1531 1648 XII,

224 1670 296 1708 35:
332 1660 414 1695 Sint
459 1660 578 1694 lumbi
609 1661 727 1695 vestri
765 1660 964 1708 precincti,
1011 1659 1078 1695 ubi
1113 1660 1332 1696 secundum
1374 1668 1532 1696 sanctos

168 1721 206 1752 25
224 1719 407 1753 doctores
431 1717 608 1764 precepit
639 1717 876 1762 castitatem,
911 1717 964 1752 ita
990 1718 1095 1765 quod
1121 1717 1327 1753 abdicacio
1351 1718 1532 1754 domina-

171 2297 208 2329 35

225 1774 349 1811 cionis
384 1774 506 1811 civilis
540 1774 717 1811 notative
749 1774 968 1823 precipitur
1002 1784 1039 1811 et
1086 1775 1246 1811 castitas
1281 1774 1530 1814 affirmative.

225 1832 471 1869 Conceditur
516 1845 607 1880 ergo
647 1832 865 1869 secundum
899 1834 1135 1880 Apostolum
1171 1835 1213 1880 ΙΙ,
1245 1833 1378 1869 Thim.
1414 1835 1461 1869 III
1496 1842 1532 1870 et

224 1890 332 1929 Thit.
363 1891 391 1936 I,
427 1892 535 1938 quod
576 1890 666 1927 licet
696 1890 972 1926 sacerdotibus
1012 1890 1239 1938 coniugari3
1280 1892 1345 1927 sed
1404 1891 1532 1927 orien-

224 1948 368 1985 talibus
400 1961 525 1996 usque
550 1948 668 1996 hodie
702 1957 757 1985 est
788 1948 954 1994 licitum,
989 1949 1089 1985 sicut
1122 1948 1359 1996 generaliter
1389 1949 1461 1985 fuit
1495 1949 1534 1985 in

168 2012 176 2041 ’,
227 2006 429 2053 primitiva
464 2006 631 2042 ecclesia
653 2006 727 2042 hiis
751 2006 818 2054 qui
842 2019 921 2042 non
945 2016 1136 2043 voverant
1160 2015 1268 2042 extra
1301 2006 1532 2055 coniugium

228 2063 468 2109 castitatem;
504 2072 539 2099 et
561 2064 661 2100 forte
687 2072 820 2112 potest
851 2064 1084 2112 contingere
1118 2065 1225 2113 quod
1250 2064 1383 2101 multis
1407 2077 1533 2101 sacer-

227 2121 385 2158 dotibus
419 2131 518 2157 esset
552 2121 681 2157 minus
715 2122 863 2157 malum
900 2122 1113 2158 carnaliter
1159 2121 1365 2169 coniugari
1411 2136 1530 2170 quam

226 2187 315 2227 post
347 2179 632 2215 admissionem
667 2178 918 2215 continencie
963 2190 1068 2216 extra
1115 2179 1417 2216 matrimonium
1451 2190 1531 2217 tam

224 2236 375 2273 lubrice
428 2237 665 2276 conversari.
718 2237 941 2285 Utrobique
984 2246 1118 2274 tamen
1162 2237 1263 2274 foret
1314 2238 1533 2286 perfeccius

225 2295 476 2330 sacerdotem
510 2307 666 2331 servare
706 2294 984 2331 castimoniam
1021 2305 1129 2332 extra
1163 2295 1415 2343 coniugium3
1461 2308 1533 2332 nec

226 2352 317 2388 licet
341 2364 429 2388 cum
464 2352 611 2389 nostris
644 2352 919 2389 sacerdotibus
953 2353 1036 2389 sine
1060 2362 1220 2400 patente
1253 2365 1372 2390 causa
1405 2353 1533 2390 racio-

201 2409 349 2446 ‘nabili
382 2422 502 2457 quam
527 2410 626 2446 forte
650 2410 897 2458 impossibile
932 2419 987 2446 est
1017 2411 1248 2458 contingere
1282 2411 1532 2459 dispensare;

226 2469 332 2503 Deus
365 2476 498 2504 autem
545 2480 625 2504 non
657 2476 788 2516 potest
833 2467 1065 2515 dispensare
1098 2470 1206 2516 quod
1252 2468 1338 2516 quis
1373 2478 1533 2506 maneat

227 2525 345 2561 simul
378 2525 544 2562 clericus
578 2538 622 2562 ac
656 2525 779 2562 civilis
812 2526 1012 2562 dominus.

283 2584 364 2619 Nec
398 2592 559 2630 oportet
601 2584 851 2620 sacerdotem
899 2584 1157 2631 coniugatum
1205 2583 1406 2620 dominari
1441 2584 1532 2621 civi-

227 2639 316 2676 liter
332 2649 495 2688 propter
518 2640 831 2689 acquisicionem
854 2641 914 2677 vel
939 2641 1208 2677 defensionem
1235 2642 1531 2689 temporalium.

228 2700 327 2733 Nam
362 2699 409 2734 de
455 2698 730 2735 oblacionibus
776 2707 811 2734 et
857 2699 1020 2735 decimis
1065 2705 1198 2746 potest
1242 2698 1385 2745 vivere,
1431 2699 1532 2735 sicut

227 2757 451 2792 sacerdotes
497 2756 637 2792 veteris
682 2756 909 2792 testamenti
955 2765 990 2792 et
1023 2757 1250 2793 sacerdotes
1299 2756 1530 2801 orientales;

229 2812 440 2849 defendere
472 2826 564 2850 vero
598 2822 729 2861 potest
773 2814 1013 2862 temporalia
1045 2827 1115 2850 sua
1147 2815 1274 2861 tytulo
1307 2814 1462 2851 virtutis
1496 2823 1533 2850 et

296 2876 340 2903 De
360 2877 451 2905 Civili
470 2877 627 2911 Dominio.
650 2877 701 2904 111.
1354 2880 1392 2913 25

1738 216 1817 264 385

1557 740 1708 775 Marriage
1729 741 1804 768 does

1574 780 1626 802 not
1649 776 1792 803 interfere

1567 810 1641 837 with
1664 810 1801 845 spiritual

1576 845 1732 881 ministry,
1754 854 1786 872 as

1568 880 1658 907 much
1680 888 1713 906 as
1733 880 1802 907 civil

1562 914 1702 949 lox-dship
1724 915 1807 941 does.

1566 1723 1632 1750 The
1654 1731 1734 1759 pope
1755 1724 1809 1751 has

1555 1766 1660 1792 power
1680 1763 1710 1785 to
1731 1759 1821 1786 allow

1584 1801 1600 1819 a
1621 1793 1717 1827 priest
1736 1798 1766 1820 to

1559 1835 1673 1863 marry,
1695 1830 1811 1863 though

1566 1863 1588 1889 it
1608 1862 1633 1889 is
1654 1863 1794 1890 doubtful

1566 1897 1593 1923 if
1609 1898 1689 1930 good
1712 1905 1801 1924 cause

1574 1939 1629 1958 can
1653 1932 1687 1958 be
1708 1932 1795 1967 given

1618 1967 1690 2002 why
1712 1968 1746 1993 he

1628 2001 1736 2029 should

1593 2036 1727 2063 exercise
1749 2036 1778 2063 it.

1599 2601 1682 2627 Even
1704 2601 1729 2627 if
1746 2609 1761 2627 a

1582 2636 1678 2671 priest
1697 2644 1776 2662 were

1591 2670 1723 2697 married
1746 2671 1768 2697 it

1607 2705 1711 2732 would
1732 2709 1785 2731 not

1582 2739 1693 2777 justify·
1710 2739 1772 2777 him

1617 2775 1647 2801 in
1669 2774 1738 2800 elvrl

1583 2808 1776 2844 possession.
