2050 3292
233 232 314 269 000

232 1742 281 1769 No
303 1748 408 1775 power
428 1740 462 1766 os
479 1748 494 1766 a

280 1779 375 1810 psleSt
396 1782 450 1801 cat]

285 1814 441 1837 commute

308 1845 420 1872 eternal

266 1880 465 1915 punishment

240 1920 305 1942 into
324 1915 487 1950 temporal.

943 238 1001 271 DE
1031 240 1164 272 cmm
1193 241 1403 273 omnmo.
1612 228 1717 285 [erun
1739 237 1832 266 xxv.

519 346 626 382 varie
660 359 681 382 a
715 359 815 394 pena
850 355 886 382 et
919 359 940 382 a
976 354 1114 391 morte,
1150 346 1293 394 quibus
1326 359 1533 395 nunquam
1566 346 1639 383 fuit
1670 347 1831 395 dignus;

520 404 689 440 redemit
705 403 809 440 enim
828 404 1007 440 Christus
1024 405 1218 452 quosdam
1233 400 1236 455 ᾗ
1249 405 1297 440 ad
1313 404 1615 451 beatitudinem,
1634 406 1830 453 quosdam
1879 417 1960 460 243*

519 464 570 498 ad
603 474 704 510 pene
736 471 927 510 perpetue
961 461 1257 509 mitigacionem
1301 470 1337 498 et
1377 464 1570 510 quosdam
1611 464 1661 499 ad
1694 475 1832 499 secun-

519 521 670 556 dariam
716 519 1024 567 perfeccionem.
1079 520 1342 556 Primomodo
1381 520 1510 556 solum
1544 519 1712 556 redemit
1745 533 1832 568 pre-

519 578 756 623 destinatos;
803 579 1106 614 secundomodo
1140 579 1307 614 redemit
1334 579 1583 626 ¹dampnatos
1622 587 1659 614 et
1692 580 1865 614 tercio-5

520 637 640 672 modo
673 635 829 671 videtur
862 635 1059 671 redimere
1092 644 1220 671 totum
1257 637 1464 681 mundum,
1499 645 1542 672 ut
1576 644 1684 684 patet
1718 635 1830 682 alibi;

517 706 590 730 nec
624 701 682 731 est
714 695 948 741 putandum,
984 695 1091 741 quod
1115 693 1376 741 predestinati
1411 706 1509 741 quos
1541 693 1711 730 redemit
1744 706 1831 741 per-

519 752 588 788 diti
622 760 734 788 erant
768 753 816 787 ab
851 764 896 787 eo
931 750 1177 798 simpliciter,
1213 764 1302 787 cum
1332 763 1490 799 semper
1514 751 1652 788 habuit
1673 760 1716 787 ut
1739 764 1831 787 suos

519 810 633 860 filios,
666 809 734 845 sed
766 809 1026 857 perdiderunt
1059 808 1346 845 beatitudinem
1371 808 1450 857 vie;
1485 818 1522 845 et
1553 810 1636 857 ipse
1659 809 1831 857 perdidit

518 867 557 903 in
591 867 645 903 eis
680 865 1019 903 ministracionem
1054 866 1288 903 innocencie
1322 875 1358 902 et
1391 867 1440 903 ad
1462 875 1615 903 tantum
1646 867 1830 903 dicuntur
1851 879 1889 899 10

517 925 663 973 perditi
688 934 723 961 et
745 924 953 972 redempti,
990 924 1082 973 quia
1101 924 1279 961 Christus
1304 924 1425 961 tradit
1454 937 1527 972 pro
1562 925 1614 961 eis
1650 925 1828 972 precium

517 983 677 1020 racione
712 983 823 1019 cuius
856 982 1027 1019 servient
1059 983 1131 1018 sibi
1165 982 1205 1018 in
1238 982 1418 1018 libertate
1452 982 1630 1030 primeva
1660 991 1697 1019 et
1718 983 1830 1018 resti-

515 1049 676 1077 tuentur
721 1042 769 1076 ad
817 1039 1100 1077 beatitudinem
1135 1041 1223 1088 plus
1257 1041 1491 1088 perfectam.
1545 1041 1636 1076 ideo
1670 1049 1829 1088 oportet

516 1108 656 1136 notare
690 1112 711 1135 a
744 1111 822 1147 quo
856 1107 893 1135 et
926 1099 975 1134 ad
1009 1098 1107 1145 quid
1151 1098 1334 1135 homines
1373 1106 1465 1134 sunt
1497 1097 1713 1146 redempti3
1747 1111 1828 1134 non

516 1157 621 1193 enim
656 1156 853 1205 sequitur:
889 1158 1028 1192 Petrus
1063 1164 1120 1192 est
1153 1157 1380 1204 redemptus
1415 1157 1462 1192 ab
1486 1157 1560 1192 hac
1583 1168 1700 1203 pena,
1735 1168 1827 1203 ergo
1849 1160 1885 1192 15

515 1216 636 1251 habet
680 1227 766 1251 eam
813 1214 872 1250 vel
917 1213 1058 1261 dignus
1103 1213 1176 1249 fuit
1214 1215 1360 1250 habere
1394 1226 1501 1261 eam;
1547 1222 1679 1261 potest
1723 1213 1827 1250 enim

516 1274 638 1309 homo
672 1272 812 1309 redimi
847 1285 868 1308 a
901 1284 1003 1319 pena
1038 1271 1251 1319 dupliciter
1283 1272 1343 1308 vel
1381 1281 1594 1319 postquam
1630 1271 1747 1307 infuit
1780 1273 1828 1308 ab

516 1330 583 1366 iila
617 1330 702 1367 exui
735 1331 795 1365 vel
828 1331 876 1365 ab
909 1330 974 1365 illa
1008 1329 1188 1381 possrbili
1237 1329 1552 1366 misericorditer
1586 1328 1828 1377 preservari3

516 1397 553 1424 et
584 1388 639 1424 sic
673 1387 817 1424 dicitur
863 1388 984 1423 homo
1024 1387 1237 1435 dupliciter
1275 1387 1449 1426 liberari.
1505 1388 1619 1424 Unde
1656 1399 1738 1423 non
1770 1399 1829 1423 se-

515 1446 667 1494 quitur:
714 1448 852 1481 Petrus
884 1445 1070 1481 liberatus
1104 1454 1162 1481 est
1195 1458 1215 1481 a
1250 1453 1376 1482 morte
1409 1453 1601 1493 perpetua
1641 1444 1829 1493 passione
1846 1458 1887 1480 20

516 1504 674 1549 Christi,
721 1516 812 1550 ergo
852 1503 918 1538 illa
953 1516 1058 1538 mors
1093 1503 1165 1539 fuit
1196 1504 1255 1540 vel
1286 1504 1426 1540 Petrus
1460 1515 1544 1539 eam
1595 1503 1738 1539 meruit
1770 1503 1829 1540 vel

513 1575 689 1610 unquam
724 1562 793 1597 fuit
827 1561 893 1597 illa
927 1561 1084 1608 dignus,
1118 1562 1207 1609 quia
1241 1562 1333 1597 satis
1368 1570 1423 1597 est
1457 1562 1564 1609 quod
1588 1562 1726 1597 Petrus
1757 1561 1830 1596 fuit

514 1629 594 1656 tam
643 1632 731 1656 reus
776 1620 884 1667 quod
919 1618 1125 1666 puniretur
1171 1628 1363 1667 perpetuo
1409 1620 1604 1655 subducto
1639 1618 1829 1666 suffragio

517 1677 656 1714 mortis
691 1677 849 1714 Christi.

574 1738 627 1771 Ex
670 1735 752 1771 istis
797 1734 974 1782 sequitur
1020 1734 1128 1781 quod
1172 1734 1318 1771 nullius
1358 1734 1576 1772 sacerdotis
1609 1734 1753 1770 virtute
1787 1734 1827 1770 in
1846 1739 1885 1770 25
1915 1738 1938 1769 Ρ

515 1806 659 1841 penam
694 1793 956 1841 temporalem
989 1789 991 1832 j'
1022 1803 1123 1839 pena
1158 1802 1351 1840 perpetua
1385 1801 1671 1829 commutatur.
1725 1794 1826 1829 Nam
1869 1799 1949 1836 243e

515 1851 671 1899 signata
716 1851 782 1887 iila
827 1862 928 1898 pena
973 1859 1165 1897 perpetua
1211 1863 1280 1897 per
1312 1853 1342 1886 A
1391 1860 1427 1887 et
1472 1863 1575 1899 pena
1612 1849 1827 1898 temporali

515 1922 585 1957 per
617 1910 667 1956 135
708 1916 834 1956 patet:
869 1907 899 1944 si
934 1910 965 1943 A
1005 1916 1277 1944 commutatur
1315 1909 1353 1944 in
1388 1911 1430 1958 B,
1482 1917 1578 1945 tunc
1611 1917 1827 1956 utrumque

516 1967 571 2014 fit,
605 1974 673 2013 est,
706 1967 766 2002 vel
800 1966 886 2012 erit,
921 1978 966 2001 eo
1001 1966 1106 2014 quod
1130 1978 1210 2002 non
1234 1967 1335 2002 entis
1358 1979 1439 2002 non
1463 1975 1519 2003 est
1544 1966 1828 2005 commutacio.

517 2025 557 2061 Si
599 2026 632 2061 A
669 2037 771 2072 pena
816 2032 1010 2072 perpetua
1054 2023 1139 2069 fuit,
1181 2032 1275 2060 tunc
1320 2024 1394 2060 fuit
1438 2032 1633 2073 perpetua
1677 2033 1715 2060 et
1758 2036 1829 2072 per
1846 2027 1887 2060 30

518 2094 763 2131 consequens
796 2093 954 2130 semper
987 2081 1060 2118 erit
1099 2094 1201 2129 pena
1235 2091 1445 2130 perpetua;
1492 2094 1573 2118 non
1619 2081 1726 2118 enim
1773 2090 1830 2118 est

519 2140 691 2188 fingibile
737 2141 843 2189 quod
887 2152 960 2188 pro
1006 2140 1098 2175 dato
1144 2139 1307 2176 instanti
1353 2142 1383 2176 A
1430 2148 1605 2177 mutetur
1643 2139 1683 2175 in
1717 2141 1746 2175 Β
1793 2149 1830 2176 et

517 2207 652 2235 tamen
685 2200 790 2234 Deus
822 2197 945 2234 voluit
978 2199 1084 2245 quod
1115 2199 1148 2233 A
1181 2210 1386 2247 nunquam
1422 2198 1483 2242 fit;
1518 2210 1599 2234 non
1632 2196 1737 2234 enim
1773 2206 1830 2234 est

517 2257 719 2292 fundabile
753 2268 796 2292 ex
829 2257 1001 2300 racione,
1041 2256 1155 2302 loyca
1188 2257 1247 2292 vel
1281 2256 1481 2303 scriptura
1521 2256 1629 2304 quod
1661 2257 1694 2292 A
1727 2267 1830 2303 pena

520 2314 737 2351 mutabitur
766 2323 803 2350 et
830 2323 964 2350 tamen
988 2326 1069 2349 non
1096 2312 1181 2349 suit.
1217 2315 1296 2350 Nec
1319 2315 1421 2350 valet
1446 2314 1560 2351 ficcio
1584 2326 1663 2362 qua
1687 2312 1830 2350 dicitur
1847 2316 1886 2349 35

519 2373 625 2420 quod
659 2373 691 2407 A
723 2371 861 2408 habuit
907 2384 989 2407 esse
1034 2371 1222 2419 possibile
1267 2381 1303 2408 et
1347 2372 1401 2408 sic
1441 2372 1514 2408 fuit
1547 2371 1691 2420 primo,
1738 2370 1830 2419 quia

519 2430 625 2466 iuxta
657 2430 733 2466 hoc
755 2431 787 2466 A
822 2430 1003 2466 absolute
1036 2429 1256 2465 necessarie
1289 2442 1446 2477 semper
1479 2437 1536 2466 est
1568 2437 1604 2466 et
1634 2441 1706 2477 per
1737 2441 1831 2465 con-

519 2500 686 2536 sequens
710 2500 791 2524 non
825 2496 1021 2533 mutatur;
1056 2500 1147 2523 nam
1183 2487 1214 2523 si
1238 2489 1341 2524 Deus
1375 2496 1504 2535 potest
1526 2489 1558 2524 A
1591 2499 1736 2535 penam
1770 2486 1830 2522 in-

518 2545 668 2594 fligere,
715 2554 809 2582 tunc
854 2545 940 2593 ipsa
987 2553 1044 2581 est
1088 2546 1138 2581 ad
1177 2557 1333 2581 sensum
1370 2545 1607 2593 expositum,
1652 2545 1830 2581 secundo

519 2604 609 2652 quia
648 2604 796 2639 nedum
830 2604 862 2639 A
902 2615 1005 2651 pena
1036 2604 1104 2639 sed
1136 2601 1330 2639 infinicies
1363 2603 1519 2639 infinite
1551 2603 1710 2639 fuerunt
1742 2614 1830 2650 per·
1844 2615 1889 2645 40

518 2670 639 2709 petuo
682 2662 721 2696 in
766 2662 898 2706 beatis,
946 2673 1082 2708 ymmo
1128 2660 1288 2697 difficile
1334 2661 1435 2697 foret
1480 2662 1635 2708 signare
1668 2671 1829 2696 omnem

519 2731 664 2767 penam
711 2718 956 2767 possibilem,
1004 2731 1049 2755 eo
1095 2719 1201 2766 quod
1247 2719 1443 2756 immensa
1488 2730 1590 2767 pena
1635 2717 1831 2766 possibilis

587 2853 632 2880 39..
655 2853 749 2881 Com:
768 2860 860 2888 penit.
