2050 3292
194 242 275 289 446

239 1169 366 1205 Wcight
387 1170 421 1198 of

213 1205 260 1233 St.
283 1205 440 1233 Bernards

248 1241 420 1277 authority,-

239 1692 276 1719 he
297 1691 323 1719 is
344 1692 426 1729 lioly,

277 2039 387 2067 subtile

215 2457 273 2484 and
295 2457 357 2484 free
377 2457 458 2484 from

226 2492 385 2527 suspicion
406 2492 440 2519 of

289 2527 364 2554 bias.

909 246 969 278 DE
997 245 1132 277 civiti
1158 246 1368 278 DOMINio.
1583 233 1691 291 [CAP.
1713 244 1793 272 xx1.

486 354 594 402 sert:
630 365 697 388 vos
729 360 853 388 autem
878 364 950 388 non
980 352 1045 388 sic.
1080 352 1242 388 Planum
1267 360 1322 388 est
1345 352 1530 401 apostolis
1552 352 1795 389 interdicitur

484 410 724 455 dominatus;
767 410 956 458 quomodo
1002 409 1121 457 igitur
1164 417 1202 445 tu
1247 410 1314 446 tibi
1352 422 1544 459 usurpare
1580 411 1699 446 audes
1729 418 1795 447 aut

484 468 661 504 dominus
692 467 951 517 apostolatum
985 475 1051 503 aut
1082 468 1316 516 apostolicus
1346 468 1595 504 dominatum.
1629 468 1793 504 Planum

482 527 527 562 ab
562 533 723 574 utroque
755 525 991 575 prohiberis.
1047 525 1090 560 Si
1120 533 1324 574 utrumque
1355 526 1472 561 simul
1502 526 1644 562 habere
1678 526 1793 573 voles,

477 585 622 633 perdes
666 591 884 632 utrumque,
929 583 1095 631 alioquin
1135 596 1207 619 non
1246 591 1281 619 te
1318 591 1520 632 exceptum
1560 584 1606 619 de
1637 583 1794 620 illorum

483 654 640 678 numero
669 637 810 694 {putes
849 641 895 677 de
925 641 1060 690 quibus
1092 641 1265 689 queritur
1296 642 1509 678 Dominus:
1542 641 1623 690 Ipsi
1653 654 1796 692 regna-

484 707 619 735 verunt
651 706 686 735 et
717 711 791 735 non
824 710 875 734 ex
907 711 977 746 nze,
1006 699 1202 747 principes
1236 699 1446 735 extiterunt
1478 706 1513 735 et
1536 711 1608 734 non
1631 699 1798 749 cognovi

482 769 558 794 eos.
592 757 673 792 Iam
711 757 746 793 si
784 768 956 807 regnare
992 757 1074 792 sine
1105 757 1189 792 Deo
1221 757 1338 802 iuvat,
1378 757 1493 793 habes
1524 757 1695 807 gloriam
1728 757 1797 793 sed

483 827 555 851 non
606 822 697 864 aput
739 815 887 858 Deum;
938 827 983 850 ac
1026 815 1059 850 si
1107 814 1351 850 interdictum
1392 822 1561 851 tenemus
1592 814 1796 851 audiamus

482 872 669 911 edictum:
705 873 770 921 qui
806 872 931 908 maior
962 879 1018 908 est
1056 880 1225 908 vestrum
1252 873 1327 922 fiet
1357 872 1455 909 sicut
1487 873 1627 919 minor,
1666 879 1702 909 et
1731 873 1797 922 qui

477 942 687 980 precessor
718 938 774 966 est
816 930 914 967 sicut
946 931 1010 979 qui
1040 931 1255 975 ministram
1291 931 1433 978 fornia
1478 930 1690 980 apostolica
1728 931 1796 967 hec

482 996 559 1025 est:
591 988 806 1024 dominacio
845 988 1103 1035 interdicitur,
1142 989 1324 1024 indicitur
1357 988 1606 1025 ministracio.
1648 989 1731 1032 Que
1761 997 1796 1024 et

482 1044 778 1084 commendatur
788 1047 967 1096 exemplo
982 1046 1100 1096 ipsius
1116 1046 1355 1097 legislatoris
1369 1046 1797 1097 quisecutusadiungit.-

481 1105 573 1155 Ego
606 1112 731 1141 autem
765 1105 801 1140 in
835 1105 960 1141 medio
984 1112 1153 1141 vestrum
1177 1117 1260 1141 sum
1284 1112 1464 1154 tanquam
1494 1105 1558 1153 qui
1589 1104 1794 1141 ministrat.

541 1164 643 1199 Ecce
666 1163 785 1211 plana
808 1162 1010 1199 sentencia
1035 1164 1083 1199 de
1106 1162 1390 1199 dominacione
1407 1162 1556 1199 Christi
1574 1171 1612 1200 et
1630 1174 1794 1199 suorum

482 1221 751 1266 sacerdotum,
786 1228 828 1257 ut
850 1220 1013 1268 exposui
1037 1220 1213 1269 capitulo
1235 1222 1284 1256 XI
1309 1220 1426 1257 huius
1454 1220 1593 1269 quinti.
1628 1222 1798 1257 Possunt

483 1278 588 1315 enim
635 1278 835 1315 dominari
880 1278 1106 1327 evangelice
1152 1291 1196 1315 ex
1240 1292 1341 1326 puro
1389 1279 1514 1327 tytulo
1569 1277 1702 1327 gracie
1751 1291 1796 1315 ac

483 1336 699 1373 elemosine
745 1338 1020 1384 gubernando,
1068 1336 1333 1373 ministrando
1379 1345 1416 1373 et
1461 1335 1718 1373 mediocriter
1751 1349 1797 1372 ac

482 1407 658 1443 paupere
698 1396 748 1431 ad
787 1394 866 1431 vite
903 1395 1129 1431 necessaria
1168 1395 1422 1431 assumendo.
1476 1396 1524 1430 Et
1563 1393 1796 1431 incredibile

482 1464 540 1489 est
573 1454 681 1501 quod
714 1461 796 1489 tam
831 1461 1006 1497 sanctus,
1041 1461 1122 1489 tam
1153 1452 1322 1498 subtilis,
1355 1462 1437 1489 tam
1463 1454 1629 1489 devotus
1652 1461 1690 1489 et
1712 1461 1793 1488 tam

482 1511 736 1559 insuspectus
761 1511 800 1546 in
824 1512 899 1548 hoc
922 1510 1139 1547 seminaret
1173 1510 1342 1547 heresim
1373 1511 1435 1548 vel
1469 1523 1666 1557 errorem3
1700 1518 1797 1546 tunc

483 1568 588 1605 enim
623 1581 704 1605 non
735 1577 817 1605 tam
852 1569 1045 1605 canonice
1078 1570 1370 1617 approbaretur
1404 1568 1486 1605 eius
1515 1568 1723 1605 beatitudo
1747 1570 1795 1605 ab

484 1627 664 1673 ecclesia,
710 1636 840 1664 stante
884 1627 960 1664 isto
1006 1640 1139 1664 errore
1183 1626 1380 1675 scripture
1423 1639 1534 1664 sacre
1580 1638 1656 1675 que
1696 1627 1797 1663 foret

485 1684 646 1730 heresis,
679 1697 798 1733 quem
832 1699 913 1722 non
947 1685 1092 1733 legitur
1124 1698 1343 1722 revocasse.
1398 1688 1525 1721 Docet
1563 1693 1697 1721 autem
1732 1685 1797 1720 de-

486 1752 636 1780 cretum
662 1744 781 1779 XXIV
815 1743 1024 1792 questione
1048 1745 1095 1779 ΙΙΙ
1129 1743 1291 1779 Heresis
1321 1744 1422 1792 quod
1453 1743 1570 1779 aliter
1601 1754 1797 1792 exponens
1839 1746 1851 1778 ζ

485 1802 735 1850 scripturam·
767 1814 923 1838 sacram
956 1815 1069 1850 quani
1110 1802 1268 1851 spiritus
1298 1809 1452 1838 sanctus
1475 1800 1639 1851 flagitat
1671 1801 1797 1836 iuncta

479 1859 697 1908 pertinacia
721 1867 776 1895 est
799 1860 1003 1896 hereticus.
1033 1861 1125 1896 Ideo
1150 1868 1207 1896 est
1228 1860 1346 1896 ludus
1370 1858 1533 1907 puerilis
1557 1858 1796 1906 scripturam

483 1918 612 1965 ipsam
649 1913 652 1970 Ι
688 1919 737 1954 ad
775 1927 911 1954 votum
958 1930 1168 1966 exponere,
1214 1917 1304 1954 ideo
1349 1926 1508 1965 oportet
1552 1915 1798 1965 exposicioni

484 1975 689 2012 subtilium
724 1985 955 2012 sanctorum
991 1977 1165 2012 credere.

544 2034 746 2070 Subtilitas
780 2043 914 2070 autem
949 2034 1066 2070 huius
1099 2033 1226 2070 sancti
1261 2043 1341 2069 tam
1377 2032 1416 2069 in
1450 2032 1653 2081 theologia
1676 2045 1798 2081 quam

484 2090 742 2139 philosophia
766 2100 874 2139 patet
898 2091 1203 2139 respicientibus
1220 2092 1303 2128 eius
1320 2091 1440 2127 libros
1457 2091 1495 2127 in
1518 2099 1673 2128 tantum
1690 2091 1799 2139 quod

484 2162 626 2186 omnes
665 2162 736 2186 nos
769 2151 916 2186 nedum
963 2149 1101 2186 iuriste
1145 2151 1213 2186 sed
1257 2148 1433 2197 theologi
1478 2148 1632 2196 indigni
1672 2158 1709 2185 et
1741 2148 1800 2184 in-

484 2207 629 2255 ydonei
673 2208 849 2244 foremus
894 2210 1039 2244 nedum
1087 2208 1287 2256 corrigere
1333 2209 1400 2243 sed
1435 2206 1654 2254 intelligere
1693 2206 1799 2242 dicta

485 2278 566 2304 sua.
600 2266 692 2302 Ideo
727 2274 783 2302 est
817 2265 938 2302 michi
967 2266 1181 2302 verisimile
1215 2266 1420 2302 ecclesiam
1454 2278 1535 2302 non
1568 2277 1800 2312 presumere

486 2323 705 2360 hereticare
738 2324 821 2359 eius
855 2324 1100 2360 sentenciam
1136 2324 1176 2359 in
1209 2325 1283 2360 hac
1316 2332 1440 2371 parte.

544 2382 612 2417 Est
644 2381 768 2418 tercio
803 2382 1066 2433 insuspectus,
1107 2382 1198 2431 quia
1232 2381 1442 2429 religiosus
1481 2381 1800 2429 possessionatus

487 2439 663 2476 scribens
687 2452 788 2487 pape
813 2439 872 2476 sui
896 2439 1048 2476 ordinis
1073 2449 1192 2488 atque
1223 2440 1415 2488 discipulo
1449 2451 1566 2487 quem
1602 2437 1801 2475 animaret

487 2499 535 2534 ad
564 2497 856 2533 dominandum
890 2498 1069 2542 civiliter,
1104 2498 1133 2534 si
1181 2499 1358 2534 crederet
1397 2510 1480 2534 esse
1514 2498 1681 2540 bonum;
1728 2508 1801 2533 nec

487 2555 642 2592 dicetur
686 2568 762 2603 que
807 2555 1035 2592 dominacio
1075 2555 1342 2601 interdicitur,
1387 2554 1463 2591 nisi
1501 2554 1691 2592 secularis
1725 2567 1801 2603 que

488 2626 531 2649 ex
554 2613 836 2661 supposicione
860 2613 1093 2651 nominatur
1117 2614 1248 2652 civilis.
1282 2615 1396 2650 Unde
1423 2613 1517 2661 quia
1546 2612 1618 2649 iste
1642 2621 1801 2649 sanctus

557 2712 582 2740 3.
613 2713 709 2741 Cod.:
739 2715 796 2740 aut
812 2712 1015 2748 apostolatu&
1117 2722 1157 2747 ¹4·
1179 2713 1275 2741 Cod.:
1296 2712 1396 2740 medio
1413 2715 1550 2747 patrum.
1640 2712 1682 2738 16.
1704 2711 1801 2739 Cod.:

486 2748 617 2783 exposui
642 2756 660 2775 a
681 2748 829 2783 capituto.
914 2756 953 2784 17.
982 2749 1153 2776 dominare.
1236 2747 1279 2775 25.
1309 2747 1404 2775 Cod.:
1441 2755 1468 2780 q.
1498 2746 1547 2774 IV.
1630 2746 1674 2774 28.
1706 2746 1801 2773 Cod.:

487 2785 609 2817 oportet
625 2790 698 2810 non.

559 2853 611 2885 25.
638 2854 722 2896 Cap.
746 2854 880 2886 xxvn.

1812 589 1828 620 5

1839 656 1915 690 18o¹³

1816 890 1853 910 10

1816 1169 1852 1200 15

1817 2326 1856 2360 '35

1816 2629 1860 2659 40
