<?xml version="1.0" encoding="UTF-8"?>
<!DOCTYPE html PUBLIC "-//W3C//DTD XHTML 1.0 Transitional//EN"
    "http://www.w3.org/TR/xhtml1/DTD/xhtml1-transitional.dtd">
<html xmlns="http://www.w3.org/1999/xhtml" xml:lang="en" lang="en">
 <head>
  <title>
</title>
<meta http-equiv="Content-Type" content="text/html;charset=utf-8" />
  <meta name='ocr-system' content='tesseract 3.04.00' />
  <meta name='ocr-capabilities' content='ocr_page ocr_carea ocr_par ocr_line ocrx_word'/>
</head>
<body>
  <div class='ocr_page' id='page_1' title='image "./decivilidominio04wycl_0101.png"; bbox 0 0 2050 3292; ppageno 0'>
   <div class='ocr_carea' id='block_1_1' title="bbox 258 198 1094 252">
    <p class='ocr_par' dir='ltr' id='par_1_1' title="bbox 258 198 1094 252">
     <span class='ocr_line' id='line_1_1' title="bbox 258 198 1094 252; baseline 0.007 -16"><span class='ocrx_word' id='word_1_1' title='bbox 258 206 346 236; x_wconf 79' lang='lat' dir='ltr'><em>CAP.</em></span> <span class='ocrx_word' id='word_1_2' title='bbox 369 198 466 252; x_wconf 70' lang='lat' dir='ltr'><em>xxr]</em></span> <span class='ocrx_word' id='word_1_3' title='bbox 724 210 859 242; x_wconf 82' lang='lat' dir='ltr'>LIBER</span> <span class='ocrx_word' id='word_1_4' title='bbox 885 207 1094 241; x_wconf 78' lang='lat' dir='ltr'><strong>TERTIUS.</strong></span> 
     </span>
    </p>
   </div>
   <div class='ocr_carea' id='block_1_2' title="bbox 130 315 1561 2615">
    <p class='ocr_par' dir='ltr' id='par_1_2' title="bbox 130 315 1561 2615">
     <span class='ocr_line' id='line_1_2' title="bbox 253 315 1554 364; baseline -0.002 -12"><span class='ocrx_word' id='word_1_5' title='bbox 253 317 304 352; x_wconf 84' lang='lat' dir='ltr'><em>ad</em></span> <span class='ocrx_word' id='word_1_6' title='bbox 347 324 541 352; x_wconf 77' lang='lat' dir='ltr'><em>terrenam</em></span> <span class='ocrx_word' id='word_1_7' title='bbox 582 323 811 364; x_wconf 88' lang='lat' dir='ltr'><em>potestatem</em></span> <span class='ocrx_word' id='word_1_8' title='bbox 851 315 1090 364; x_wconf 82' lang='lat' dir='ltr'><em>pertinencia</em></span> <span class='ocrx_word' id='word_1_9' title='bbox 1133 316 1339 351; x_wconf 83' lang='lat' dir='ltr'><em>secundum</em></span> <span class='ocrx_word' id='word_1_10' title='bbox 1385 322 1554 351; x_wconf 87' lang='lat' dir='ltr'><em>tenorem</em></span> 
     </span>
     <span class='ocr_line' id='line_1_3' title="bbox 253 373 1556 423; baseline -0.001 -15"><span class='ocrx_word' id='word_1_11' title='bbox 253 374 382 423; x_wconf 78' lang='lat' dir='ltr'><em>legum</em></span> <span class='ocrx_word' id='word_1_12' title='bbox 416 381 451 409; x_wconf 91' lang='lat' dir='ltr'><em>et</em></span> <span class='ocrx_word' id='word_1_13' title='bbox 482 374 647 409; x_wconf 83' lang='lat' dir='ltr'><em>debitum</em></span> <span class='ocrx_word' id='word_1_14' title='bbox 680 373 776 409; x_wconf 89' lang='lat' dir='ltr'><em>iuris</em></span> <span class='ocrx_word' id='word_1_15' title='bbox 808 373 955 409; x_wconf 88' lang='lat' dir='ltr'><em>terreni</em></span> <span class='ocrx_word' id='word_1_16' title='bbox 984 380 1187 418; x_wconf 86' lang='lat' dir='ltr'><em>exerceat;</em></span> <span class='ocrx_word' id='word_1_17' title='bbox 1216 373 1270 408; x_wconf 91' lang='lat' dir='ltr'><em>sic</em></span> <span class='ocrx_word' id='word_1_18' title='bbox 1302 380 1427 408; x_wconf 86' lang='lat' dir='ltr'><em>tamen</em></span> <span class='ocrx_word' id='word_1_19' title='bbox 1460 379 1556 407; x_wconf 87' lang='lat' dir='ltr'><em>utet</em></span> 
     </span>
     <span class='ocr_line' id='line_1_4' title="bbox 251 430 1557 480; baseline -0.002 -13"><span class='ocrx_word' id='word_1_20' title='bbox 251 431 372 480; x_wconf 81' lang='lat' dir='ltr'><em>ipsam</em></span> <span class='ocrx_word' id='word_1_21' title='bbox 401 438 626 480; x_wconf 88' lang='lat' dir='ltr'><em>potestatem</em></span> <span class='ocrx_word' id='word_1_22' title='bbox 660 443 681 466; x_wconf 92' lang='lat' dir='ltr'><em>a</em></span> <span class='ocrx_word' id='word_1_23' title='bbox 713 438 869 467; x_wconf 86' lang='lat' dir='ltr'><em>terreno</em></span> <span class='ocrx_word' id='word_1_24' title='bbox 895 430 1070 479; x_wconf 76' lang='lat' dir='ltr'><em>principe</em></span> <span class='ocrx_word' id='word_1_25' title='bbox 1106 443 1146 466; x_wconf 93' lang='lat' dir='ltr'><em>se</em></span> <span class='ocrx_word' id='word_1_26' title='bbox 1177 431 1318 466; x_wconf 87' lang='lat' dir='ltr'><em>habere</em></span> <span class='ocrx_word' id='word_1_27' title='bbox 1349 436 1557 480; x_wconf 79' lang='lat' dir='ltr'><em>cognoscat</em></span> 
     </span>
     <span class='ocr_line' id='line_1_5' title="bbox 251 488 1555 538; baseline -0.001 -14"><span class='ocrx_word' id='word_1_28' title='bbox 251 496 286 524; x_wconf 93' lang='lat' dir='ltr'><em>et</em></span> <span class='ocrx_word' id='word_1_29' title='bbox 317 489 419 537; x_wconf 88' lang='lat' dir='ltr'><em>ipsas</em></span> <span class='ocrx_word' id='word_1_30' title='bbox 446 489 707 537; x_wconf 87' lang='lat' dir='ltr'><em>possessiones</em></span> <span class='ocrx_word' id='word_1_31' title='bbox 738 500 927 536; x_wconf 86' lang='lat' dir='ltr'><em>nunquam</em></span> <span class='ocrx_word' id='word_1_32' title='bbox 961 488 1012 524; x_wconf 88' lang='lat' dir='ltr'><em>ita</em></span> <span class='ocrx_word' id='word_1_33' title='bbox 1045 500 1066 523; x_wconf 90' lang='lat' dir='ltr'><em>a</em></span> <span class='ocrx_word' id='word_1_34' title='bbox 1101 488 1211 538; x_wconf 79' lang='lat' dir='ltr'><em>regia</em></span> <span class='ocrx_word' id='word_1_35' title='bbox 1239 494 1430 537; x_wconf 81' lang='lat' dir='ltr'><em>potestate</em></span> <span class='ocrx_word' id='word_1_36' title='bbox 1452 488 1555 523; x_wconf 85' lang='lat' dir='ltr'><em>elon-</em></span> 
     </span>
     <span class='ocr_line' id='line_1_6' title="bbox 220 545 1557 596; baseline -0.003 -12"><span class='ocrx_word' id='word_1_37' title='bbox 220 546 345 596; x_wconf 76' lang='lat' dir='ltr'><em>5gari</em></span> <span class='ocrx_word' id='word_1_38' title='bbox 375 558 490 594; x_wconf 89' lang='lat' dir='ltr'><em>posse</em></span> <span class='ocrx_word' id='word_1_39' title='bbox 547 546 752 596; x_wconf 80' lang='lat' dir='ltr'><em>intelligat,</em></span> <span class='ocrx_word' id='word_1_40' title='bbox 797 546 885 594; x_wconf 86' lang='lat' dir='ltr'><em>quin</em></span> <span class='ocrx_word' id='word_1_41' title='bbox 947 545 981 582; x_wconf 88' lang='lat' dir='ltr'><em>si</em></span> <span class='ocrx_word' id='word_1_42' title='bbox 1023 545 1129 582; x_wconf 91' lang='lat' dir='ltr'><em>racio</em></span> <span class='ocrx_word' id='word_1_43' title='bbox 1182 545 1442 595; x_wconf 76' lang='lat' dir='ltr'><em>postulaverit</em></span> <span class='ocrx_word' id='word_1_44' title='bbox 1493 552 1557 580; x_wconf 89' lang='lat' dir='ltr'><em>aut</em></span> 
     </span>
     <span class='ocr_line' id='line_1_7' title="bbox 251 603 1558 652; baseline -0.002 -13"><span class='ocrx_word' id='word_1_45' title='bbox 251 604 453 640; x_wconf 81' lang='lat' dir='ltr'><em>necessitas</em></span> <span class='ocrx_word' id='word_1_46' title='bbox 491 611 526 639; x_wconf 87' lang='lat' dir='ltr'><em>et</em></span> <span class='ocrx_word' id='word_1_47' title='bbox 563 604 640 640; x_wconf 89' lang='lat' dir='ltr'><em>illis</em></span> <span class='ocrx_word' id='word_1_48' title='bbox 678 603 761 652; x_wconf 86' lang='lat' dir='ltr'><em>ipsa</em></span> <span class='ocrx_word' id='word_1_49' title='bbox 793 610 966 652; x_wconf 83' lang='lat' dir='ltr'><em>potestas</em></span> <span class='ocrx_word' id='word_1_50' title='bbox 1004 603 1137 639; x_wconf 84' lang='lat' dir='ltr'><em>debeat</em></span> <span class='ocrx_word' id='word_1_51' title='bbox 1163 603 1423 652; x_wconf 83' lang='lat' dir='ltr'><em>patrocinium</em></span> <span class='ocrx_word' id='word_1_52' title='bbox 1457 603 1558 650; x_wconf 83' lang='lat' dir='ltr'><em>quod</em></span> 
     </span>
     <span class='ocr_line' id='line_1_8' title="bbox 252 661 1558 710; baseline -0.001 -14"><span class='ocrx_word' id='word_1_53' title='bbox 252 661 416 697; x_wconf 78' lang='lat' dir='ltr'><em>debitum</em></span> <span class='ocrx_word' id='word_1_54' title='bbox 450 661 567 697; x_wconf 87' lang='lat' dir='ltr'><em>alteri</em></span> <span class='ocrx_word' id='word_1_55' title='bbox 596 674 668 698; x_wconf 87' lang='lat' dir='ltr'><em>non</em></span> <span class='ocrx_word' id='word_1_56' title='bbox 693 667 821 710; x_wconf 87' lang='lat' dir='ltr'><em>potest</em></span> <span class='ocrx_word' id='word_1_57' title='bbox 845 661 940 697; x_wconf 83' lang='lat' dir='ltr'><em>dare</em></span> <span class='ocrx_word' id='word_1_58' title='bbox 963 668 997 697; x_wconf 90' lang='lat' dir='ltr'><em>et</em></span> <span class='ocrx_word' id='word_1_59' title='bbox 1019 661 1098 710; x_wconf 89' lang='lat' dir='ltr'><em>ipse</em></span> <span class='ocrx_word' id='word_1_60' title='bbox 1114 661 1375 709; x_wconf 87' lang='lat' dir='ltr'><em>possessiones</em></span> <span class='ocrx_word' id='word_1_61' title='bbox 1399 661 1558 695; x_wconf 83' lang='lat' dir='ltr'><em>debeant</em></span> 
     </span>
     <span class='ocr_line' id='line_1_9' title="bbox 250 718 1557 768; baseline 0.001 -15"><span class='ocrx_word' id='word_1_62' title='bbox 250 726 402 754; x_wconf 77' lang='lat' dir='ltr'><em>terrene</em></span> <span class='ocrx_word' id='word_1_63' title='bbox 442 719 627 767; x_wconf 81' lang='lat' dir='ltr'><em>potestati</em></span> <span class='ocrx_word' id='word_1_64' title='bbox 668 719 898 768; x_wconf 83' lang='lat' dir='ltr'><em>obsequium.</em></span> <span class='ocrx_word' id='word_1_65' title='bbox 945 720 1020 765; x_wconf 77' lang='lat' dir='ltr'><em>Sic,</em></span> <span class='ocrx_word' id='word_1_66' title='bbox 1064 718 1204 767; x_wconf 80' lang='lat' dir='ltr'><em>inquit,</em></span> <span class='ocrx_word' id='word_1_67' title='bbox 1251 719 1332 767; x_wconf 91' lang='lat' dir='ltr'><em>ipsa</em></span> <span class='ocrx_word' id='word_1_68' title='bbox 1366 718 1557 767; x_wconf 90' lang='lat' dir='ltr'><em>possessio</em></span> 
     </span>
     <span class='ocr_line' id='line_1_10' title="bbox 251 776 1558 825; baseline -0.001 -14"><span class='ocrx_word' id='word_1_69' title='bbox 251 777 368 812; x_wconf 90' lang='lat' dir='ltr'><em>eciam</em></span> <span class='ocrx_word' id='word_1_70' title='bbox 402 777 447 812; x_wconf 85' lang='lat' dir='ltr'><em>ab</em></span> <span class='ocrx_word' id='word_1_71' title='bbox 481 776 746 812; x_wconf 85' lang='lat' dir='ltr'><em>ecclesiasticis</em></span> <span class='ocrx_word' id='word_1_72' title='bbox 779 776 959 825; x_wconf 87' lang='lat' dir='ltr'><em>personis</em></span> <span class='ocrx_word' id='word_1_73' title='bbox 992 776 1164 822; x_wconf 82' lang='lat' dir='ltr'><em>obtenta;</em></span> <span class='ocrx_word' id='word_1_74' title='bbox 1201 776 1417 824; x_wconf 82' lang='lat' dir='ltr'><em>obsequium</em></span> <span class='ocrx_word' id='word_1_75' title='bbox 1459 777 1558 824; x_wconf 86' lang='lat' dir='ltr'><em>quoa&#39;</em></span> 
     </span>
     <span class='ocr_line' id='line_1_11' title="bbox 198 833 1557 884; baseline 0 -15"><span class='ocrx_word' id='word_1_76' title='bbox 198 849 235 869; x_wconf 84' lang='lat'><em>10</em></span> <span class='ocrx_word' id='word_1_77' title='bbox 251 834 359 884; x_wconf 78' lang='lat' dir='ltr'><em>regie</em></span> <span class='ocrx_word' id='word_1_78' title='bbox 391 835 576 883; x_wconf 87' lang='lat' dir='ltr'><em>potestati</em></span> <span class='ocrx_word' id='word_1_79' title='bbox 612 834 783 881; x_wconf 79' lang='lat' dir='ltr'><em>debetur,</em></span> <span class='ocrx_word' id='word_1_80' title='bbox 816 846 893 883; x_wconf 88' lang='lat' dir='ltr'><em>pro</em></span> <span class='ocrx_word' id='word_1_81' title='bbox 926 833 1144 883; x_wconf 88' lang='lat' dir='ltr'><em>patrocinio</em></span> <span class='ocrx_word' id='word_1_82' title='bbox 1185 833 1268 869; x_wconf 86' lang='lat' dir='ltr'><em>iure</em></span> <span class='ocrx_word' id='word_1_83' title='bbox 1306 845 1453 883; x_wconf 75' lang='lat' dir='ltr'><em>negare</em></span> <span class='ocrx_word' id='word_1_84' title='bbox 1484 846 1557 869; x_wconf 87' lang='lat' dir='ltr'><em>non</em></span> 
     </span>
     <span class='ocr_line' id='line_1_12' title="bbox 246 890 1561 941; baseline -0.001 -14"><span class='ocrx_word' id='word_1_85' title='bbox 246 898 387 939; x_wconf 85' lang='lat' dir='ltr'><em>potest,</em></span> <span class='ocrx_word' id='word_1_86' title='bbox 419 891 517 928; x_wconf 87' lang='lat' dir='ltr'><em>sicut</em></span> <span class='ocrx_word' id='word_1_87' title='bbox 547 892 735 941; x_wconf 86' lang='lat' dir='ltr'><em>scriptum</em></span> <span class='ocrx_word' id='word_1_88' title='bbox 760 899 836 928; x_wconf 87' lang='lat' dir='ltr'><em>est:</em></span> <span class='ocrx_word' id='word_1_89' title='bbox 859 892 1025 928; x_wconf 82' lang='lat' dir='ltr'><em>Reddite</em></span> <span class='ocrx_word' id='word_1_90' title='bbox 1047 904 1116 939; x_wconf 86' lang='lat' dir='ltr'><em>que</em></span> <span class='ocrx_word' id='word_1_91' title='bbox 1129 899 1216 927; x_wconf 87' lang='lat' dir='ltr'><em>sunt</em></span> <span class='ocrx_word' id='word_1_92' title='bbox 1244 891 1400 927; x_wconf 84' lang='lat' dir='ltr'><em>Cesaris</em></span> <span class='ocrx_word' id='word_1_93' title='bbox 1426 890 1561 928; x_wconf 89' lang='lat' dir='ltr'><em>Cesari</em></span> 
     </span>
     <span class='ocr_line' id='line_1_13' title="bbox 250 949 735 997; baseline 0.002 -13"><span class='ocrx_word' id='word_1_94' title='bbox 250 956 285 984; x_wconf 89' lang='lat' dir='ltr'><em>et</em></span> <span class='ocrx_word' id='word_1_95' title='bbox 317 961 386 997; x_wconf 90' lang='lat' dir='ltr'><em>que</em></span> <span class='ocrx_word' id='word_1_96' title='bbox 415 957 503 985; x_wconf 88' lang='lat' dir='ltr'><em>sunt</em></span> <span class='ocrx_word' id='word_1_97' title='bbox 534 949 608 985; x_wconf 87' lang='lat' dir='ltr'><em>Dei</em></span> <span class='ocrx_word' id='word_1_98' title='bbox 637 950 735 989; x_wconf 89' lang='lat' dir='ltr'><em>Deo.</em></span> 
     </span>
     <span class='ocr_line' id='line_1_14' title="bbox 130 1003 1556 1057; baseline -0.001 -14"><span class='ocrx_word' id='word_1_99' title='bbox 130 1011 206 1043; x_wconf 78' lang='lat'>182⁰</span> <span class='ocrx_word' id='word_1_100' title='bbox 308 1008 362 1042; x_wconf 85' lang='lat' dir='ltr'><em>Ex</em></span> <span class='ocrx_word' id='word_1_101' title='bbox 401 1006 484 1043; x_wconf 90' lang='lat' dir='ltr'><em>istis</em></span> <span class='ocrx_word' id='word_1_102' title='bbox 523 1005 637 1044; x_wconf 88' lang='lat' dir='ltr'><em>dictis</em></span> <span class='ocrx_word' id='word_1_103' title='bbox 677 1006 792 1043; x_wconf 86' lang='lat' dir='ltr'><em>huius</em></span> <span class='ocrx_word' id='word_1_104' title='bbox 831 1006 984 1043; x_wconf 79' lang='lat' dir='ltr'><em>subtilis</em></span> <span class='ocrx_word' id='word_1_105' title='bbox 1025 1006 1199 1043; x_wconf 87' lang='lat' dir='ltr'><em>doctoris</em></span> <span class='ocrx_word' id='word_1_106' title='bbox 1228 1003 1233 1057; x_wconf 82' lang='grc' dir='ltr'>Ι</span> <span class='ocrx_word' id='word_1_107' title='bbox 1260 1005 1416 1042; x_wconf 89' lang='lat' dir='ltr'><em>videtur</em></span> <span class='ocrx_word' id='word_1_108' title='bbox 1449 1007 1556 1054; x_wconf 85' lang='lat' dir='ltr'><em>quod</em></span> 
     </span>
     <span class='ocr_line' id='line_1_15' title="bbox 183 1059 1557 1112; baseline 0 -13"><span class='ocrx_word' id='word_1_109' title='bbox 183 1059 211 1089; x_wconf 83' lang='lat' dir='ltr'>X</span> <span class='ocrx_word' id='word_1_110' title='bbox 250 1075 323 1100; x_wconf 90' lang='lat' dir='ltr'><em>nec</em></span> <span class='ocrx_word' id='word_1_111' title='bbox 355 1063 575 1111; x_wconf 87' lang='lat' dir='ltr'><em>imperator</em></span> <span class='ocrx_word' id='word_1_112' title='bbox 607 1073 737 1112; x_wconf 84' lang='lat' dir='ltr'><em>potest</em></span> <span class='ocrx_word' id='word_1_113' title='bbox 775 1066 925 1101; x_wconf 91' lang='lat' dir='ltr'><em>donare</em></span> <span class='ocrx_word' id='word_1_114' title='bbox 958 1077 1061 1112; x_wconf 89' lang='lat' dir='ltr'><em>pape</em></span> <span class='ocrx_word' id='word_1_115' title='bbox 1100 1065 1194 1099; x_wconf 89' lang='lat' dir='ltr'><em>dum</em></span> <span class='ocrx_word' id='word_1_116' title='bbox 1228 1063 1379 1099; x_wconf 90' lang='lat' dir='ltr'><em>steterit</em></span> <span class='ocrx_word' id='word_1_117' title='bbox 1412 1063 1452 1099; x_wconf 89' lang='lat' dir='ltr'><em>in</em></span> <span class='ocrx_word' id='word_1_118' title='bbox 1486 1075 1557 1099; x_wconf 89' lang='lat' dir='ltr'><em>suo</em></span> 
     </span>
     <span class='ocr_line' id='line_1_16' title="bbox 198 1121 1555 1170; baseline -0.001 -13"><span class='ocrx_word' id='word_1_119' title='bbox 198 1126 234 1159; x_wconf 89' lang='lat'><em>15</em></span> <span class='ocrx_word' id='word_1_120' title='bbox 251 1121 390 1158; x_wconf 87' lang='lat' dir='ltr'><em>ordine</em></span> <span class='ocrx_word' id='word_1_121' title='bbox 406 1121 596 1170; x_wconf 78' lang='lat' dir='ltr'><em>regaliam</em></span> <span class='ocrx_word' id='word_1_122' title='bbox 616 1131 870 1170; x_wconf 78' lang='lat' dir='ltr'><em>potestatem,</em></span> <span class='ocrx_word' id='word_1_123' title='bbox 888 1122 1136 1170; x_wconf 80' lang='lat' dir='ltr'><em>imperialem</em></span> <span class='ocrx_word' id='word_1_124' title='bbox 1154 1122 1213 1158; x_wconf 92' lang='lat' dir='ltr'><em>vel</em></span> <span class='ocrx_word' id='word_1_125' title='bbox 1233 1121 1555 1157; x_wconf 80' lang='lat' dir='ltr'><em>dominacionem</em></span> 
     </span>
     <span class='ocr_line' id='line_1_17' title="bbox 252 1178 1556 1228; baseline -0.001 -13"><span class='ocrx_word' id='word_1_126' title='bbox 252 1178 420 1226; x_wconf 84' lang='lat' dir='ltr'><em>civilem,</em></span> <span class='ocrx_word' id='word_1_127' title='bbox 461 1189 543 1215; x_wconf 91' lang='lat' dir='ltr'><em>tum</em></span> <span class='ocrx_word' id='word_1_128' title='bbox 584 1189 748 1228; x_wconf 86' lang='lat' dir='ltr'><em>propter</em></span> <span class='ocrx_word' id='word_1_129' title='bbox 786 1180 973 1216; x_wconf 84' lang='lat' dir='ltr'><em>iniuriam</em></span> <span class='ocrx_word' id='word_1_130' title='bbox 1013 1180 1159 1216; x_wconf 89' lang='lat' dir='ltr'><em>factam</em></span> <span class='ocrx_word' id='word_1_131' title='bbox 1199 1178 1363 1215; x_wconf 81' lang='lat' dir='ltr'><em>ecclesie</em></span> <span class='ocrx_word' id='word_1_132' title='bbox 1401 1179 1556 1226; x_wconf 76' lang='lat' dir='ltr'><em>laycali,</em></span> 
     </span>
     <span class='ocr_line' id='line_1_18' title="bbox 250 1236 1559 1286; baseline 0 -14"><span class='ocrx_word' id='word_1_133' title='bbox 250 1245 333 1272; x_wconf 92' lang='lat' dir='ltr'><em>tum</em></span> <span class='ocrx_word' id='word_1_134' title='bbox 369 1237 494 1274; x_wconf 87' lang='lat' dir='ltr'><em>eciam</em></span> <span class='ocrx_word' id='word_1_135' title='bbox 527 1246 691 1286; x_wconf 87' lang='lat' dir='ltr'><em>propter</em></span> <span class='ocrx_word' id='word_1_136' title='bbox 735 1237 1042 1286; x_wconf 85' lang='lat' dir='ltr'><em>incapacitatem</em></span> <span class='ocrx_word' id='word_1_137' title='bbox 1078 1236 1222 1273; x_wconf 85' lang='lat' dir='ltr'><em>Christi</em></span> <span class='ocrx_word' id='word_1_138' title='bbox 1255 1236 1475 1284; x_wconf 77' lang='lat' dir='ltr'><em>pontifici53</em></span> <span class='ocrx_word' id='word_1_139' title='bbox 1522 1245 1559 1272; x_wconf 88' lang='lat' dir='ltr'><em>et</em></span> 
     </span>
     <span class='ocr_line' id='line_1_19' title="bbox 251 1295 1557 1344; baseline 0 -14"><span class='ocrx_word' id='word_1_140' title='bbox 251 1307 321 1342; x_wconf 90' lang='lat' dir='ltr'><em>per</em></span> <span class='ocrx_word' id='word_1_141' title='bbox 354 1307 600 1343; x_wconf 89' lang='lat' dir='ltr'><em>consequens</em></span> <span class='ocrx_word' id='word_1_142' title='bbox 634 1308 738 1344; x_wconf 90' lang='lat' dir='ltr'><em>papa</em></span> <span class='ocrx_word' id='word_1_143' title='bbox 770 1297 830 1332; x_wconf 86' lang='lat' dir='ltr'><em>vel</em></span> <span class='ocrx_word' id='word_1_144' title='bbox 863 1295 1092 1344; x_wconf 86' lang='lat' dir='ltr'><em>quicunque</em></span> <span class='ocrx_word' id='word_1_145' title='bbox 1125 1295 1336 1342; x_wconf 87' lang='lat' dir='ltr'><em>episcopus</em></span> <span class='ocrx_word' id='word_1_146' title='bbox 1369 1303 1437 1331; x_wconf 87' lang='lat' dir='ltr'><em>aut</em></span> <span class='ocrx_word' id='word_1_147' title='bbox 1469 1307 1557 1342; x_wconf 88' lang='lat' dir='ltr'><em>pre-</em></span> 
     </span>
     <span class='ocr_line' id='line_1_20' title="bbox 251 1352 1557 1390; baseline -0.001 -2"><span class='ocrx_word' id='word_1_148' title='bbox 251 1353 353 1389; x_wconf 88' lang='lat' dir='ltr'><em>latus</em></span> <span class='ocrx_word' id='word_1_149' title='bbox 398 1355 617 1390; x_wconf 87' lang='lat' dir='ltr'><em>exercendo</em></span> <span class='ocrx_word' id='word_1_150' title='bbox 660 1354 758 1389; x_wconf 90' lang='lat' dir='ltr'><em>tales</em></span> <span class='ocrx_word' id='word_1_151' title='bbox 803 1362 913 1389; x_wconf 87' lang='lat' dir='ltr'><em>actus</em></span> <span class='ocrx_word' id='word_1_152' title='bbox 955 1352 1093 1389; x_wconf 86' lang='lat' dir='ltr'><em>mortis</em></span> <span class='ocrx_word' id='word_1_153' title='bbox 1125 1353 1186 1389; x_wconf 87' lang='lat' dir='ltr'><em>vel</em></span> <span class='ocrx_word' id='word_1_154' title='bbox 1219 1352 1408 1388; x_wconf 89' lang='lat' dir='ltr'><em>mahemii</em></span> <span class='ocrx_word' id='word_1_155' title='bbox 1442 1353 1557 1388; x_wconf 91' lang='lat' dir='ltr'><em>debet</em></span> 
     </span>
     <span class='ocr_line' id='line_1_21' title="bbox 195 1409 1557 1459; baseline 0 -14"><span class='ocrx_word' id='word_1_156' title='bbox 195 1426 235 1446; x_wconf 81' lang='lat'><em>‘20</em></span> <span class='ocrx_word' id='word_1_157' title='bbox 251 1410 380 1446; x_wconf 87' lang='lat' dir='ltr'><em>facere</em></span> <span class='ocrx_word' id='word_1_158' title='bbox 419 1411 493 1447; x_wconf 92' lang='lat' dir='ltr'><em>hoc</em></span> <span class='ocrx_word' id='word_1_159' title='bbox 531 1424 601 1458; x_wconf 89' lang='lat' dir='ltr'><em>per</em></span> <span class='ocrx_word' id='word_1_160' title='bbox 640 1412 793 1459; x_wconf 87' lang='lat' dir='ltr'><em>laycam</em></span> <span class='ocrx_word' id='word_1_161' title='bbox 835 1423 1047 1458; x_wconf 83' lang='lat' dir='ltr'><em>personam</em></span> <span class='ocrx_word' id='word_1_162' title='bbox 1083 1409 1375 1447; x_wconf 85' lang='lat' dir='ltr'><em>ministrantem</em></span> <span class='ocrx_word' id='word_1_163' title='bbox 1410 1409 1557 1457; x_wconf 89' lang='lat' dir='ltr'><em>princi-</em></span> 
     </span>
     <span class='ocr_line' id='line_1_22' title="bbox 250 1467 1555 1516; baseline -0.001 -12"><span class='ocrx_word' id='word_1_164' title='bbox 250 1468 392 1515; x_wconf 87' lang='lat' dir='ltr'><em>paliter</em></span> <span class='ocrx_word' id='word_1_165' title='bbox 424 1477 515 1516; x_wconf 81' lang='lat' dir='ltr'><em>post</em></span> <span class='ocrx_word' id='word_1_166' title='bbox 547 1470 673 1505; x_wconf 89' lang='lat' dir='ltr'><em>Deum</em></span> <span class='ocrx_word' id='word_1_167' title='bbox 708 1468 870 1505; x_wconf 89' lang='lat' dir='ltr'><em>domino</em></span> <span class='ocrx_word' id='word_1_168' title='bbox 903 1467 1117 1516; x_wconf 86' lang='lat' dir='ltr'><em>temporali</em></span> <span class='ocrx_word' id='word_1_169' title='bbox 1150 1469 1198 1504; x_wconf 93' lang='lat' dir='ltr'><em>de</em></span> <span class='ocrx_word' id='word_1_170' title='bbox 1230 1480 1309 1516; x_wconf 88' lang='lat' dir='ltr'><em>quo</em></span> <span class='ocrx_word' id='word_1_171' title='bbox 1338 1467 1555 1515; x_wconf 88' lang='lat' dir='ltr'><em>spiritualis</em></span> 
     </span>
     <span class='ocr_line' id='line_1_23' title="bbox 250 1525 1553 1573; baseline -0.001 -12"><span class='ocrx_word' id='word_1_172' title='bbox 250 1525 477 1573; x_wconf 82' lang='lat' dir='ltr'><em>prepositus</em></span> <span class='ocrx_word' id='word_1_173' title='bbox 501 1528 613 1563; x_wconf 89' lang='lat' dir='ltr'><em>datas</em></span> <span class='ocrx_word' id='word_1_174' title='bbox 636 1526 877 1563; x_wconf 86' lang='lat' dir='ltr'><em>elemosinas</em></span> <span class='ocrx_word' id='word_1_175' title='bbox 901 1535 1008 1563; x_wconf 87' lang='lat' dir='ltr'><em>tenet</em></span> <span class='ocrx_word' id='word_1_176' title='bbox 1040 1525 1080 1562; x_wconf 91' lang='lat' dir='ltr'><em>in</em></span> <span class='ocrx_word' id='word_1_177' title='bbox 1113 1525 1256 1573; x_wconf 89' lang='lat' dir='ltr'><em>capite.</em></span> <span class='ocrx_word' id='word_1_178' title='bbox 1291 1525 1416 1561; x_wconf 84' lang='lat' dir='ltr'><em>Aliter</em></span> <span class='ocrx_word' id='word_1_179' title='bbox 1449 1525 1553 1561; x_wconf 89' lang='lat' dir='ltr'><em>enim</em></span> 
     </span>
     <span class='ocr_line' id='line_1_24' title="bbox 250 1583 1555 1632; baseline -0.001 -13"><span class='ocrx_word' id='word_1_180' title='bbox 250 1583 437 1620; x_wconf 86' lang='lat' dir='ltr'><em>dominus</em></span> <span class='ocrx_word' id='word_1_181' title='bbox 475 1596 579 1632; x_wconf 88' lang='lat' dir='ltr'><em>papa</em></span> <span class='ocrx_word' id='word_1_182' title='bbox 611 1585 713 1620; x_wconf 90' lang='lat' dir='ltr'><em>foret</em></span> <span class='ocrx_word' id='word_1_183' title='bbox 746 1584 928 1632; x_wconf 85' lang='lat' dir='ltr'><em>capitalis</em></span> <span class='ocrx_word' id='word_1_184' title='bbox 968 1583 1092 1620; x_wconf 89' lang='lat' dir='ltr'><em>civilis</em></span> <span class='ocrx_word' id='word_1_185' title='bbox 1126 1583 1313 1620; x_wconf 87' lang='lat' dir='ltr'><em>dominus</em></span> <span class='ocrx_word' id='word_1_186' title='bbox 1345 1583 1485 1630; x_wconf 88' lang='lat' dir='ltr'><em>Anglie</em></span> <span class='ocrx_word' id='word_1_187' title='bbox 1519 1592 1555 1618; x_wconf 90' lang='lat' dir='ltr'><em>et</em></span> 
     </span>
     <span class='ocr_line' id='line_1_25' title="bbox 248 1640 1556 1691; baseline 0 -15"><span class='ocrx_word' id='word_1_188' title='bbox 248 1640 385 1677; x_wconf 86' lang='lat' dir='ltr'><em>liceret</em></span> <span class='ocrx_word' id='word_1_189' title='bbox 408 1641 480 1678; x_wconf 85' lang='lat' dir='ltr'><em>sibi</em></span> <span class='ocrx_word' id='word_1_190' title='bbox 503 1643 755 1678; x_wconf 87' lang='lat' dir='ltr'><em>introducere</em></span> <span class='ocrx_word' id='word_1_191' title='bbox 779 1642 979 1691; x_wconf 87' lang='lat' dir='ltr'><em>quoslibet</em></span> <span class='ocrx_word' id='word_1_192' title='bbox 1003 1650 1070 1678; x_wconf 84' lang='lat' dir='ltr'><em>aut</em></span> <span class='ocrx_word' id='word_1_193' title='bbox 1093 1641 1290 1689; x_wconf 88' lang='lat' dir='ltr'><em>quotlibet</em></span> <span class='ocrx_word' id='word_1_194' title='bbox 1313 1640 1556 1688; x_wconf 86' lang='lat' dir='ltr'><em>alienigenas</em></span> 
     </span>
     <span class='ocr_line' id='line_1_26' title="bbox 192 1698 1557 1749; baseline -0.001 -15"><span class='ocrx_word' id='word_1_195' title='bbox 192 1700 285 1735; x_wconf 81' lang='lat' dir='ltr'><em>25in</em></span> <span class='ocrx_word' id='word_1_196' title='bbox 319 1708 447 1736; x_wconf 82' lang='lat' dir='ltr'><em>castra</em></span> <span class='ocrx_word' id='word_1_197' title='bbox 480 1701 758 1748; x_wconf 87' lang='lat' dir='ltr'><em>episcoporum</em></span> <span class='ocrx_word' id='word_1_198' title='bbox 792 1709 860 1736; x_wconf 91' lang='lat' dir='ltr'><em>aut</em></span> <span class='ocrx_word' id='word_1_199' title='bbox 888 1699 1157 1748; x_wconf 87' lang='lat' dir='ltr'><em>possessiones</em></span> <span class='ocrx_word' id='word_1_200' title='bbox 1192 1698 1483 1749; x_wconf 75' lang='lat' dir='ltr'><em>religiosorum,</em></span> <span class='ocrx_word' id='word_1_201' title='bbox 1515 1707 1557 1733; x_wconf 92' lang='lat' dir='ltr'><em>ut</em></span> 
     </span>
     <span class='ocr_line' id='line_1_27' title="bbox 249 1756 1556 1804; baseline -0.002 -11"><span class='ocrx_word' id='word_1_202' title='bbox 249 1765 357 1804; x_wconf 86' lang='lat' dir='ltr'><em>patet</em></span> <span class='ocrx_word' id='word_1_203' title='bbox 389 1759 425 1794; x_wconf 90' lang='lat' dir='ltr'><em>in</em></span> <span class='ocrx_word' id='word_1_204' title='bbox 458 1757 546 1793; x_wconf 90' lang='lat' dir='ltr'><em>loco</em></span> <span class='ocrx_word' id='word_1_205' title='bbox 578 1770 650 1794; x_wconf 86' lang='lat' dir='ltr'><em>suo</em></span> <span class='ocrx_word' id='word_1_206' title='bbox 684 1758 875 1796; x_wconf 82' lang='lat' dir='ltr'><em>diffusius.</em></span> <span class='ocrx_word' id='word_1_207' title='bbox 927 1759 1008 1794; x_wconf 90' lang='lat' dir='ltr'><em>Nec</em></span> <span class='ocrx_word' id='word_1_208' title='bbox 1039 1758 1152 1794; x_wconf 90' lang='lat' dir='ltr'><em>video</em></span> <span class='ocrx_word' id='word_1_209' title='bbox 1192 1756 1288 1804; x_wconf 89' lang='lat' dir='ltr'><em>quin</em></span> <span class='ocrx_word' id='word_1_210' title='bbox 1327 1756 1556 1792; x_wconf 90' lang='lat' dir='ltr'><em>huiusmodi</em></span> 
     </span>
     <span class='ocr_line' id='line_1_28' title="bbox 249 1814 1557 1863; baseline -0.001 -13"><span class='ocrx_word' id='word_1_211' title='bbox 249 1814 381 1851; x_wconf 87' lang='lat' dir='ltr'><em>clerici</em></span> <span class='ocrx_word' id='word_1_212' title='bbox 427 1815 557 1851; x_wconf 86' lang='lat' dir='ltr'><em>forent</em></span> <span class='ocrx_word' id='word_1_213' title='bbox 600 1816 715 1852; x_wconf 90' lang='lat' dir='ltr'><em>aliter</em></span> <span class='ocrx_word' id='word_1_214' title='bbox 759 1815 996 1863; x_wconf 79' lang='lat' dir='ltr'><em>irregulares</em></span> <span class='ocrx_word' id='word_1_215' title='bbox 1040 1814 1079 1850; x_wconf 92' lang='lat' dir='ltr'><em>in</em></span> <span class='ocrx_word' id='word_1_216' title='bbox 1122 1814 1342 1851; x_wconf 89' lang='lat' dir='ltr'><em>occidendo</em></span> <span class='ocrx_word' id='word_1_217' title='bbox 1376 1814 1557 1850; x_wconf 83' lang='lat' dir='ltr'><em>homines</em></span> 
     </span>
     <span class='ocr_line' id='line_1_29' title="bbox 248 1871 1556 1920; baseline -0.001 -12"><span class='ocrx_word' id='word_1_218' title='bbox 248 1872 411 1920; x_wconf 85' lang='lat' dir='ltr'><em>propria</em></span> <span class='ocrx_word' id='word_1_219' title='bbox 444 1881 639 1920; x_wconf 87' lang='lat' dir='ltr'><em>potestate</em></span> <span class='ocrx_word' id='word_1_220' title='bbox 672 1886 717 1910; x_wconf 90' lang='lat' dir='ltr'><em>ac</em></span> <span class='ocrx_word' id='word_1_221' title='bbox 749 1875 985 1910; x_wconf 85' lang='lat' dir='ltr'><em>auctoritate</em></span> <span class='ocrx_word' id='word_1_222' title='bbox 1019 1873 1115 1909; x_wconf 90' lang='lat' dir='ltr'><em>civili</em></span> <span class='ocrx_word' id='word_1_223' title='bbox 1152 1874 1189 1908; x_wconf 87' lang='lat' dir='ltr'><em>in</em></span> <span class='ocrx_word' id='word_1_224' title='bbox 1224 1884 1342 1908; x_wconf 83' lang='lat' dir='ltr'><em>causa</em></span> <span class='ocrx_word' id='word_1_225' title='bbox 1374 1871 1556 1919; x_wconf 81' lang='lat' dir='ltr'><em>propria3</em></span> 
     </span>
     <span class='ocr_line' id='line_1_30' title="bbox 249 1928 1556 1979; baseline 0 -14"><span class='ocrx_word' id='word_1_226' title='bbox 249 1932 357 1978; x_wconf 81' lang='lat' dir='ltr'><em>quod</em></span> <span class='ocrx_word' id='word_1_227' title='bbox 389 1931 567 1967; x_wconf 89' lang='lat' dir='ltr'><em>Christus</em></span> <span class='ocrx_word' id='word_1_228' title='bbox 606 1944 687 1967; x_wconf 90' lang='lat' dir='ltr'><em>non</em></span> <span class='ocrx_word' id='word_1_229' title='bbox 720 1939 852 1979; x_wconf 89' lang='lat' dir='ltr'><em>potest</em></span> <span class='ocrx_word' id='word_1_230' title='bbox 883 1943 972 1967; x_wconf 88' lang='lat' dir='ltr'><em>cum</em></span> <span class='ocrx_word' id='word_1_231' title='bbox 1006 1943 1086 1966; x_wconf 87' lang='lat' dir='ltr'><em>non</em></span> <span class='ocrx_word' id='word_1_232' title='bbox 1124 1930 1255 1978; x_wconf 90' lang='lat' dir='ltr'><em>potuit</em></span> <span class='ocrx_word' id='word_1_233' title='bbox 1288 1928 1454 1966; x_wconf 85' lang='lat' dir='ltr'><em>civiliter</em></span> <span class='ocrx_word' id='word_1_234' title='bbox 1488 1931 1556 1965; x_wconf 91' lang='lat' dir='ltr'><em>do-</em></span> 
     </span>
     <span class='ocr_line' id='line_1_31' title="bbox 192 1987 1557 2036; baseline -0.001 -12"><span class='ocrx_word' id='word_1_235' title='bbox 192 1994 233 2024; x_wconf 80' lang='lat'><em>30</em></span> <span class='ocrx_word' id='word_1_236' title='bbox 251 1988 407 2025; x_wconf 87' lang='lat' dir='ltr'><em>minari.</em></span> <span class='ocrx_word' id='word_1_237' title='bbox 453 1987 493 2024; x_wconf 89' lang='lat' dir='ltr'><em>Si</em></span> <span class='ocrx_word' id='word_1_238' title='bbox 537 1988 656 2035; x_wconf 86' lang='lat' dir='ltr'><em>igitur</em></span> <span class='ocrx_word' id='word_1_239' title='bbox 694 2001 798 2036; x_wconf 91' lang='lat' dir='ltr'><em>papa</em></span> <span class='ocrx_word' id='word_1_240' title='bbox 836 1989 896 2025; x_wconf 86' lang='lat' dir='ltr'><em>vel</em></span> <span class='ocrx_word' id='word_1_241' title='bbox 935 1988 1147 2036; x_wconf 87' lang='lat' dir='ltr'><em>episcopus</em></span> <span class='ocrx_word' id='word_1_242' title='bbox 1185 1988 1245 2024; x_wconf 90' lang='lat' dir='ltr'><em>vel</em></span> <span class='ocrx_word' id='word_1_243' title='bbox 1284 1988 1405 2023; x_wconf 89' lang='lat' dir='ltr'><em>abbas</em></span> <span class='ocrx_word' id='word_1_244' title='bbox 1438 1988 1557 2023; x_wconf 86' lang='lat' dir='ltr'><em>habet</em></span> 
     </span>
     <span class='ocr_line' id='line_1_32' title="bbox 249 2044 1557 2094; baseline -0.001 -13"><span class='ocrx_word' id='word_1_245' title='bbox 249 2046 566 2088; x_wconf 86' lang='lat' dir='ltr'><em>dominacionem</em></span> <span class='ocrx_word' id='word_1_246' title='bbox 610 2046 765 2082; x_wconf 89' lang='lat' dir='ltr'><em>civilem</em></span> <span class='ocrx_word' id='word_1_247' title='bbox 813 2046 1081 2094; x_wconf 82' lang='lat' dir='ltr'><em>requirentem</em></span> <span class='ocrx_word' id='word_1_248' title='bbox 1128 2044 1451 2081; x_wconf 85' lang='lat' dir='ltr'><em>dominacionem</em></span> <span class='ocrx_word' id='word_1_249' title='bbox 1499 2057 1557 2080; x_wconf 91' lang='lat' dir='ltr'><em>se-</em></span> 
     </span>
     <span class='ocr_line' id='line_1_33' title="bbox 248 2102 1556 2153; baseline -0.001 -14"><span class='ocrx_word' id='word_1_250' title='bbox 248 2103 419 2139; x_wconf 88' lang='lat' dir='ltr'><em>cundum</em></span> <span class='ocrx_word' id='word_1_251' title='bbox 464 2116 609 2151; x_wconf 86' lang='lat' dir='ltr'><em>penam</em></span> <span class='ocrx_word' id='word_1_252' title='bbox 642 2104 985 2153; x_wconf 75' lang='lat' dir='ltr'><em>incarceracionis,</em></span> <span class='ocrx_word' id='word_1_253' title='bbox 1038 2104 1146 2147; x_wconf 82' lang='lat' dir='ltr'><em>exilii,</em></span> <span class='ocrx_word' id='word_1_254' title='bbox 1198 2104 1464 2150; x_wconf 85' lang='lat' dir='ltr'><em>suspensionis</em></span> <span class='ocrx_word' id='word_1_255' title='bbox 1496 2102 1556 2138; x_wconf 90' lang='lat' dir='ltr'><em>vel</em></span> 
     </span>
     <span class='ocr_line' id='line_1_34' title="bbox 250 2159 1555 2209; baseline -0.001 -13"><span class='ocrx_word' id='word_1_256' title='bbox 250 2163 386 2197; x_wconf 89' lang='lat' dir='ltr'><em>mortis</em></span> <span class='ocrx_word' id='word_1_257' title='bbox 419 2162 592 2206; x_wconf 87' lang='lat' dir='ltr'><em>alterius,</em></span> <span class='ocrx_word' id='word_1_258' title='bbox 633 2170 740 2209; x_wconf 84' lang='lat' dir='ltr'><em>patet</em></span> <span class='ocrx_word' id='word_1_259' title='bbox 774 2174 817 2198; x_wconf 83' lang='lat' dir='ltr'><em>ex</em></span> <span class='ocrx_word' id='word_1_260' title='bbox 849 2162 987 2209; x_wconf 84' lang='lat' dir='ltr'><em>regula</em></span> <span class='ocrx_word' id='word_1_261' title='bbox 1019 2162 1235 2197; x_wconf 84' lang='lat' dir='ltr'><em>certissima</em></span> <span class='ocrx_word' id='word_1_262' title='bbox 1268 2161 1358 2196; x_wconf 89' lang='lat' dir='ltr'><em>iuris</em></span> <span class='ocrx_word' id='word_1_263' title='bbox 1391 2159 1555 2196; x_wconf 87' lang='lat' dir='ltr'><em>humani</em></span> 
     </span>
     <span class='ocr_line' id='line_1_35' title="bbox 247 2217 1554 2269; baseline 0 -15"><span class='ocrx_word' id='word_1_264' title='bbox 247 2220 355 2266; x_wconf 89' lang='lat' dir='ltr'><em>quod</em></span> <span class='ocrx_word' id='word_1_265' title='bbox 399 2219 516 2255; x_wconf 86' lang='lat' dir='ltr'><em>debet</em></span> <span class='ocrx_word' id='word_1_266' title='bbox 549 2232 683 2255; x_wconf 86' lang='lat' dir='ltr'><em>carere</em></span> <span class='ocrx_word' id='word_1_267' title='bbox 717 2219 921 2269; x_wconf 80' lang='lat' dir='ltr'><em>beneficio,</em></span> <span class='ocrx_word' id='word_1_268' title='bbox 965 2218 997 2255; x_wconf 90' lang='lat' dir='ltr'><em>si</em></span> <span class='ocrx_word' id='word_1_269' title='bbox 1035 2232 1116 2255; x_wconf 90' lang='lat' dir='ltr'><em>non</em></span> <span class='ocrx_word' id='word_1_270' title='bbox 1149 2226 1279 2266; x_wconf 88' lang='lat' dir='ltr'><em>potest</em></span> <span class='ocrx_word' id='word_1_271' title='bbox 1316 2217 1373 2253; x_wconf 87' lang='lat' dir='ltr'><em>uti</em></span> <span class='ocrx_word' id='word_1_272' title='bbox 1407 2217 1554 2262; x_wconf 83' lang='lat' dir='ltr'><em>officio,</em></span> 
     </span>
     <span class='ocr_line' id='line_1_36' title="bbox 134 2275 1554 2327; baseline 0 -16"><span class='ocrx_word' id='word_1_273' title='bbox 134 2279 209 2311; x_wconf 66' lang='lat'><em>182⁰</em></span> <span class='ocrx_word' id='word_1_274' title='bbox 247 2275 378 2313; x_wconf 80' lang='lat' dir='ltr'><em>ablata</em></span> <span class='ocrx_word' id='word_1_275' title='bbox 401 2277 497 2313; x_wconf 86' lang='lat' dir='ltr'><em>enim</em></span> <span class='ocrx_word' id='word_1_276' title='bbox 517 2289 591 2326; x_wconf 81' lang='lat' dir='ltr'><em>per</em></span> <span class='ocrx_word' id='word_1_277' title='bbox 611 2290 652 2313; x_wconf 90' lang='lat' dir='ltr'><em>se</em></span> <span class='ocrx_word' id='word_1_278' title='bbox 673 2289 787 2313; x_wconf 90' lang='lat' dir='ltr'><em>causa</em></span> <span class='ocrx_word' id='word_1_279' title='bbox 806 2275 809 2327; x_wconf 68' lang='lat' dir='ltr'><em>l</em></span> <span class='ocrx_word' id='word_1_280' title='bbox 827 2277 1071 2326; x_wconf 79' lang='lat' dir='ltr'><em>consequitur</em></span> <span class='ocrx_word' id='word_1_281' title='bbox 1093 2277 1257 2325; x_wconf 85' lang='lat' dir='ltr'><em>aufferri</em></span> <span class='ocrx_word' id='word_1_282' title='bbox 1276 2283 1312 2312; x_wconf 90' lang='lat' dir='ltr'><em>et</em></span> <span class='ocrx_word' id='word_1_283' title='bbox 1343 2283 1554 2311; x_wconf 87' lang='lat' dir='ltr'><em>causatum.</em></span> 
     </span>
     <span class='ocr_line' id='line_1_37' title="bbox 248 2333 1557 2383; baseline 0 -14"><span class='ocrx_word' id='word_1_284' title='bbox 248 2334 315 2370; x_wconf 87' lang='lat' dir='ltr'><em>Ille</em></span> <span class='ocrx_word' id='word_1_285' title='bbox 347 2334 468 2382; x_wconf 88' lang='lat' dir='ltr'><em>igitur</em></span> <span class='ocrx_word' id='word_1_286' title='bbox 499 2336 565 2383; x_wconf 90' lang='lat' dir='ltr'><em>qui</em></span> <span class='ocrx_word' id='word_1_287' title='bbox 596 2334 870 2383; x_wconf 88' lang='lat' dir='ltr'><em>principaliter</em></span> <span class='ocrx_word' id='word_1_288' title='bbox 909 2336 1046 2372; x_wconf 88' lang='lat' dir='ltr'><em>domat</em></span> <span class='ocrx_word' id='word_1_289' title='bbox 1080 2335 1212 2370; x_wconf 88' lang='lat' dir='ltr'><em>hostes</em></span> <span class='ocrx_word' id='word_1_290' title='bbox 1246 2333 1486 2370; x_wconf 82' lang='lat' dir='ltr'><em>extrinsecos</em></span> <span class='ocrx_word' id='word_1_291' title='bbox 1519 2341 1557 2369; x_wconf 87' lang='lat' dir='ltr'><em>et</em></span> 
     </span>
     <span class='ocr_line' id='line_1_38' title="bbox 188 2391 1555 2440; baseline -0.001 -13"><span class='ocrx_word' id='word_1_292' title='bbox 188 2416 191 2419; x_wconf 65' lang='grc'><strong><em>«</em></strong></span> <span class='ocrx_word' id='word_1_293' title='bbox 247 2391 494 2438; x_wconf 80' lang='lat' dir='ltr'><em>intrinsecos,</em></span> <span class='ocrx_word' id='word_1_294' title='bbox 512 2392 732 2429; x_wconf 84' lang='lat' dir='ltr'><em>cuiusmodi</em></span> <span class='ocrx_word' id='word_1_295' title='bbox 749 2392 1041 2440; x_wconf 89' lang='lat' dir='ltr'><em>estimperator</em></span> <span class='ocrx_word' id='word_1_296' title='bbox 1062 2393 1122 2428; x_wconf 85' lang='lat' dir='ltr'><em>vel</em></span> <span class='ocrx_word' id='word_1_297' title='bbox 1146 2404 1223 2435; x_wconf 82' lang='lat' dir='ltr'><em>reX,</em></span> <span class='ocrx_word' id='word_1_298' title='bbox 1249 2400 1306 2428; x_wconf 85' lang='lat' dir='ltr'><em>est</em></span> <span class='ocrx_word' id='word_1_299' title='bbox 1329 2391 1555 2427; x_wconf 80' lang='lat' dir='ltr'><em>reddituum</em></span> 
     </span>
     <span class='ocr_line' id='line_1_39' title="bbox 249 2449 1556 2498; baseline -0.001 -13"><span class='ocrx_word' id='word_1_300' title='bbox 249 2450 409 2486; x_wconf 85' lang='lat' dir='ltr'><em>ecclesie</em></span> <span class='ocrx_word' id='word_1_301' title='bbox 433 2450 619 2486; x_wconf 87' lang='lat' dir='ltr'><em>dominus</em></span> <span class='ocrx_word' id='word_1_302' title='bbox 642 2450 840 2497; x_wconf 88' lang='lat' dir='ltr'><em>capitalis;</em></span> <span class='ocrx_word' id='word_1_303' title='bbox 864 2459 1023 2498; x_wconf 87' lang='lat' dir='ltr'><em>oportet</em></span> <span class='ocrx_word' id='word_1_304' title='bbox 1045 2450 1161 2497; x_wconf 83' lang='lat' dir='ltr'><em>igitur</em></span> <span class='ocrx_word' id='word_1_305' title='bbox 1183 2450 1223 2485; x_wconf 89' lang='lat' dir='ltr'><em>in</em></span> <span class='ocrx_word' id='word_1_306' title='bbox 1243 2449 1556 2486; x_wconf 87' lang='lat' dir='ltr'><em>mortificacione</em></span> 
     </span>
     <span class='ocr_line' id='line_1_40' title="bbox 248 2505 1555 2555; baseline -0.001 -12"><span class='ocrx_word' id='word_1_307' title='bbox 248 2507 516 2543; x_wconf 87' lang='lat' dir='ltr'><em>dominiorum</em></span> <span class='ocrx_word' id='word_1_308' title='bbox 541 2507 770 2544; x_wconf 84' lang='lat' dir='ltr'><em>huiusmodi</em></span> <span class='ocrx_word' id='word_1_309' title='bbox 792 2509 852 2545; x_wconf 88' lang='lat' dir='ltr'><em>vel</em></span> <span class='ocrx_word' id='word_1_310' title='bbox 879 2509 1053 2545; x_wconf 85' lang='lat' dir='ltr'><em>totaliter</em></span> <span class='ocrx_word' id='word_1_311' title='bbox 1077 2509 1245 2555; x_wconf 84' lang='lat' dir='ltr'><em>extingui</em></span> <span class='ocrx_word' id='word_1_312' title='bbox 1279 2519 1418 2543; x_wconf 85' lang='lat' dir='ltr'><em>eorum</em></span> <span class='ocrx_word' id='word_1_313' title='bbox 1444 2505 1555 2542; x_wconf 86' lang='lat' dir='ltr'><em>civile</em></span> 
     </span>
     <span class='ocr_line' id='line_1_41' title="bbox 189 2563 1555 2615; baseline -0.001 -15"><span class='ocrx_word' id='word_1_314' title='bbox 189 2564 467 2610; x_wconf 85' lang='lat' dir='ltr'><em>4odominium</em></span> <span class='ocrx_word' id='word_1_315' title='bbox 506 2566 566 2602; x_wconf 92' lang='lat' dir='ltr'><em>vel</em></span> <span class='ocrx_word' id='word_1_316' title='bbox 603 2565 734 2613; x_wconf 90' lang='lat' dir='ltr'><em>ipsum</em></span> <span class='ocrx_word' id='word_1_317' title='bbox 774 2578 894 2615; x_wconf 88' lang='lat' dir='ltr'><em>penes</em></span> <span class='ocrx_word' id='word_1_318' title='bbox 933 2578 1043 2614; x_wconf 87' lang='lat' dir='ltr'><em>reges</em></span> <span class='ocrx_word' id='word_1_319' title='bbox 1081 2574 1298 2614; x_wconf 88' lang='lat' dir='ltr'><em>patronum</em></span> <span class='ocrx_word' id='word_1_320' title='bbox 1332 2565 1393 2601; x_wconf 88' lang='lat' dir='ltr'><em>vel</em></span> <span class='ocrx_word' id='word_1_321' title='bbox 1432 2563 1555 2601; x_wconf 90' lang='lat' dir='ltr'><em>alium</em></span> 
     </span>
    </p>
   </div>
   <div class='ocr_carea' id='block_1_3' title="bbox 248 2779 1556 2848">
    <p class='ocr_par' dir='ltr' id='par_1_3' title="bbox 248 2779 1556 2848">
     <span class='ocr_line' id='line_1_42' title="bbox 317 2779 1556 2815; baseline -0.001 -8"><span class='ocrx_word' id='word_1_322' title='bbox 317 2788 346 2812; x_wconf 75' lang='grc'><em>4.</em></span> <span class='ocrx_word' id='word_1_323' title='bbox 367 2780 461 2807; x_wconf 87' lang='lat' dir='ltr'><em>Cod.:</em></span> <span class='ocrx_word' id='word_1_324' title='bbox 483 2780 567 2815; x_wconf 76' lang='lat' dir='ltr'><em>ipsos</em></span> <span class='ocrx_word' id='word_1_325' title='bbox 581 2788 786 2815; x_wconf 84' lang='lat' dir='ltr'><em>possessores.</em></span> <span class='ocrx_word' id='word_1_326' title='bbox 861 2780 888 2807; x_wconf 83' lang='lat'><em>8.</em></span> <span class='ocrx_word' id='word_1_327' title='bbox 908 2781 1073 2815; x_wconf 80' lang='lat' dir='ltr'><em>possessio.</em></span> <span class='ocrx_word' id='word_1_328' title='bbox 1097 2779 1193 2808; x_wconf 87' lang='lat' dir='ltr'><em>Cod.:</em></span> <span class='ocrx_word' id='word_1_329' title='bbox 1219 2782 1358 2814; x_wconf 84' lang='lat' dir='ltr'><em>possunt.</em></span> <span class='ocrx_word' id='word_1_330' title='bbox 1433 2787 1473 2814; x_wconf 81' lang='lat'><em>19.</em></span> <span class='ocrx_word' id='word_1_331' title='bbox 1495 2787 1556 2806; x_wconf 88' lang='lat' dir='ltr'><em>ma-</em></span> 
     </span>
     <span class='ocr_line' id='line_1_43' title="bbox 248 2814 1498 2848; baseline 0 -7"><span class='ocrx_word' id='word_1_332' title='bbox 248 2814 341 2841; x_wconf 81' lang='lat' dir='ltr'><em>hemii</em></span> <span class='ocrx_word' id='word_1_333' title='bbox 358 2826 389 2838; x_wconf 92' lang='lat'><strong><em>=</em></strong></span> <span class='ocrx_word' id='word_1_334' title='bbox 409 2815 576 2848; x_wconf 74' lang='lat' dir='ltr'><em>mahamii;</em></span> <span class='ocrx_word' id='word_1_335' title='bbox 603 2815 792 2842; x_wconf 83' lang='lat' dir='ltr'><em>mahamium</em></span> <span class='ocrx_word' id='word_1_336' title='bbox 813 2826 844 2838; x_wconf 91' lang='lat'>=</span> <span class='ocrx_word' id='word_1_337' title='bbox 864 2815 996 2842; x_wconf 85' lang='lat' dir='ltr'><em>membri</em></span> <span class='ocrx_word' id='word_1_338' title='bbox 1017 2815 1170 2842; x_wconf 85' lang='lat' dir='ltr'><em>mutilatio</em></span> <span class='ocrx_word' id='word_1_339' title='bbox 1190 2815 1236 2841; x_wconf 89' lang='lat' dir='ltr'><em>vel</em></span> <span class='ocrx_word' id='word_1_340' title='bbox 1257 2814 1392 2841; x_wconf 83' lang='lat' dir='ltr'><em>enormis</em></span> <span class='ocrx_word' id='word_1_341' title='bbox 1412 2814 1498 2841; x_wconf 81' lang='lat' dir='ltr'><em>lesio.</em></span> 
     </span>
    </p>
   </div>
   <div class='ocr_carea' id='block_1_4' title="bbox 1347 2862 1418 2905">
    <p class='ocr_par' dir='ltr' id='par_1_4' title="bbox 1347 2862 1418 2905">
     <span class='ocr_line' id='line_1_44' title="bbox 1347 2862 1418 2905; baseline 0 -11"><span class='ocrx_word' id='word_1_342' title='bbox 1347 2862 1418 2905; x_wconf 79' lang='lat'><em>29*</em></span> 
     </span>
    </p>
   </div>
   <div class='ocr_carea' id='block_1_5' title="bbox 1590 1011 1828 1152">
    <p class='ocr_par' dir='ltr' id='par_1_5' title="bbox 1590 1011 1828 1047">
     <span class='ocr_line' id='line_1_45' title="bbox 1590 1011 1828 1047; baseline -0.004 -7"><span class='ocrx_word' id='word_1_343' title='bbox 1590 1013 1656 1040; x_wconf 87' lang='lat' dir='ltr'><em>The</em></span> <span class='ocrx_word' id='word_1_344' title='bbox 1676 1011 1828 1047; x_wconf 83' lang='lat' dir='ltr'><em>Emperor</em></span> 
     </span>
    </p>

    <p class='ocr_par' dir='ltr' id='par_1_6' title="bbox 1591 1049 1822 1087">
     <span class='ocr_line' id='line_1_46' title="bbox 1591 1049 1822 1087; baseline 0.004 -13"><span class='ocrx_word' id='word_1_345' title='bbox 1591 1056 1661 1087; x_wconf 81' lang='lat' dir='ltr'><em>may</em></span> <span class='ocrx_word' id='word_1_346' title='bbox 1682 1053 1734 1075; x_wconf 88' lang='lat' dir='ltr'><em>not</em></span> <span class='ocrx_word' id='word_1_347' title='bbox 1754 1049 1822 1083; x_wconf 70' lang='lat' dir='ltr'><em>give</em></span> 
     </span>
    </p>

    <p class='ocr_par' dir='ltr' id='par_1_7' title="bbox 1603 1084 1815 1152">
     <span class='ocr_line' id='line_1_47' title="bbox 1603 1084 1815 1117; baseline 0 -8"><span class='ocrx_word' id='word_1_348' title='bbox 1603 1087 1714 1116; x_wconf 82' lang='lat' dir='ltr'><em>priests</em></span> <span class='ocrx_word' id='word_1_349' title='bbox 1736 1084 1815 1117; x_wconf 82' lang='lat' dir='ltr'><em>regal</em></span> 
     </span>
     <span class='ocr_line' id='line_1_48' title="bbox 1643 1126 1775 1152; baseline 0.008 -9"><span class='ocrx_word' id='word_1_350' title='bbox 1643 1126 1775 1152; x_wconf 83' lang='lat' dir='ltr'><em>powers.</em></span> 
     </span>
    </p>
   </div>
   <div class='ocr_carea' id='block_1_6' title="bbox 1577 1405 1839 1572">
    <p class='ocr_par' dir='ltr' id='par_1_8' title="bbox 1577 1405 1839 1544">
     <span class='ocr_line' id='line_1_49' title="bbox 1605 1405 1812 1444; baseline 0 -11"><span class='ocrx_word' id='word_1_351' title='bbox 1605 1407 1634 1433; x_wconf 89' lang='lat' dir='ltr'><strong>A</strong></span> <span class='ocrx_word' id='word_1_352' title='bbox 1654 1406 1702 1444; x_wconf 76' lang='lat' dir='ltr'><em>lay</em></span> <span class='ocrx_word' id='word_1_353' title='bbox 1720 1405 1812 1441; x_wconf 85' lang='lat' dir='ltr'><em>judge</em></span> 
     </span>
     <span class='ocr_line' id='line_1_50' title="bbox 1577 1441 1839 1476; baseline 0.004 -9"><span class='ocrx_word' id='word_1_354' title='bbox 1577 1441 1743 1476; x_wconf 76' lang='lat' dir='ltr'><em>appomted</em></span> <span class='ocrx_word' id='word_1_355' title='bbox 1766 1442 1803 1476; x_wconf 91' lang='lat' dir='ltr'><em>by</em></span> <span class='ocrx_word' id='word_1_356' title='bbox 1824 1450 1839 1468; x_wconf 88' lang='lat' dir='ltr'><em>a</em></span> 
     </span>
     <span class='ocr_line' id='line_1_51' title="bbox 1589 1476 1826 1544; baseline 0 -7"><span class='ocrx_word' id='word_1_357' title='bbox 1589 1476 1826 1544; x_wconf 49' lang='lat'><em>{1232‘3155355</em></span> 
     </span>
    </p>

    <p class='ocr_par' dir='ltr' id='par_1_9' title="bbox 1664 1545 1742 1572">
     <span class='ocr_line' id='line_1_52' title="bbox 1664 1545 1742 1572; baseline -0.013 0"><span class='ocrx_word' id='word_1_358' title='bbox 1664 1545 1742 1572; x_wconf 89' lang='lat' dir='ltr'><em>lord.</em></span> 
     </span>
    </p>
   </div>
  </div>
 </body>
</html>
