2050 3292
234 215 323 242 CAP.
344 203 452 259 xxm]
708 213 717 246 1
736 213 839 246 JssER
865 214 1072 247 TERTIUS.
1738 213 1816 254 475

233 335 331 371 eque
364 330 477 370 grato
509 320 644 358 animo
677 329 713 357 et
744 319 969 369 specialiter
1001 319 1032 356 si
1065 320 1257 356 honorem
1287 317 1440 355 domini
1472 317 1533 355 sui

232 379 421 417 minuerit
451 379 664 416 vendicans
707 387 851 426 grates,
899 386 1049 426 quanto
1094 377 1219 425 magis
1264 385 1320 413 est
1351 375 1425 412 sibi
1458 377 1533 413 hoc

234 438 421 486 possibile
455 438 585 485 quoad
619 439 760 482 Deum,
795 449 884 472 cum
918 435 1048 472 omnis
1082 436 1203 471 homo
1235 434 1283 470 sit
1306 446 1439 470 servus
1462 433 1533 470 Dei

234 495 462 531 ministrans
484 494 543 531 vel
567 494 801 541 dispensans
824 495 931 529 bona
949 506 1019 529 sua
1049 493 1167 540 longe
1199 491 1378 528 servilius
1411 503 1532 539 quam

199 553 373 601 §aliquis
418 551 583 589 ballivus
628 551 828 587 distribuit
875 552 980 587 bona
1024 550 1176 586 domini
1221 548 1452 597 temporalis
1497 556 1534 584 et

231 614 334 648 Deus
366 623 446 646 non
478 621 593 657 egens
626 611 730 645 bono
763 608 832 645 tali
865 608 924 645 vel
956 608 1062 644 fama
1093 608 1154 644 vel
1186 607 1303 644 laude
1337 619 1412 655 que
1442 606 1534 642 inde

231 668 357 705 evenit
402 668 671 715 preponderat
714 665 999 714 gratitudinem
1044 664 1271 713 operantis?
1328 666 1429 701 Nam
1476 676 1534 700 se-

230 727 406 762 cundum
434 725 669 773 Apostqum
703 726 729 760 I.
754 725 844 763 Cor.
867 725 964 770 XIII,
989 735 1033 772 3:
1068 723 1111 758 Si
1141 723 1372 759 distribuero
1406 733 1535 758 omnes

230 784 445 832 facultates
496 794 600 818 meas
650 782 685 817 in
730 782 832 818 cibos
875 793 1089 830 pauperum
1132 780 1212 816 sine
1257 780 1419 816 caritate
1462 791 1534 815 non

178 841 388 891 ioprodest
410 840 526 876 michi
546 841 596 875 ad
617 839 801 884 salutem;
830 837 1190 887 proporcionaliter
1212 837 1331 885 igitur
1358 846 1401 873 ut
1424 845 1535 873 actus

232 898 458 934 meritorius
489 896 632 934 viantis
666 905 722 933 est
745 899 829 934 Deo
862 897 949 944 plus
982 895 1176 944 placidus,
1211 903 1267 932 est
1298 895 1385 943 plus
1419 893 1536 930 meri-

231 956 355 993 torius
388 964 424 992 et
457 964 631 992 econtra.

287 1013 430 1050 Tercio
469 1021 578 1061 patet
616 1012 722 1050 idem
762 1024 805 1048 ex
838 1011 1047 1048 diffinitiva
1086 1009 1288 1047 sentencia
1321 1011 1535 1046 Salvatoris
1551 1017 1701 1064 Ex'ampte
1721 1017 1822 1056 ofUthe

229 1072 350 1109 Marc.
383 1072 449 1107 XII
483 1079 519 1107 et
553 1072 658 1107 Luce
689 1071 788 1115 XXI,
827 1069 894 1105 ubi
928 1068 1085 1105 instruit
1123 1081 1215 1104 suos
1248 1067 1465 1116 discipulos
1497 1067 1537 1104 in
1564 1052 1706 1079 w1d0ws
1728 1057 1811 1079 mue.

177 1128 460 1177 15oppositum
493 1128 639 1165 erroris
677 1127 898 1164 scribarum
939 1126 1176 1175 dicencium,
1223 1126 1331 1173 quod
1369 1138 1537 1174 propor-

231 1186 439 1223 cionaliter
461 1194 505 1222 ut
528 1185 615 1234 quis
638 1185 809 1233 amplius
833 1184 1023 1221 obtulerit
1052 1184 1140 1232 plus
1173 1191 1359 1221 meretur.
1394 1183 1537 1219 Sedens

227 1245 348 1290 Jesus,
382 1243 511 1291 inquit
533 1245 704 1289 Marcus,
739 1250 873 1278 contra
896 1241 1170 1294 gazofilacium
1194 1241 1413 1290 aspiciebat,
1448 1252 1536 1288 quo-

229 1303 341 1338 modo
374 1302 487 1337 turba
519 1301 681 1337 iactaret
713 1313 750 1337 es
783 1300 818 1335 in
850 1299 1163 1351 gazophilacium
1198 1306 1232 1335 et
1263 1298 1375 1334 multi
1403 1298 1537 1334 divites

115 1360 191 1404 192⁴i
230 1360 420 1395 iactabant
452 1359 585 1395 multa.
625 1359 717 1395 Cum
752 1358 912 1394 venisset
943 1365 1068 1393 autem
1093 1369 1165 1392 una
1194 1352 1199 1409 1
1229 1356 1343 1392 vidua
1370 1367 1536 1405 pauper,

173 1429 214 1450 20
229 1417 330 1453 misit
361 1417 436 1452 duo
470 1417 627 1461 minuta,
661 1416 761 1464 quod
793 1423 847 1451 est
862 1416 1072 1464 quadrans,
1105 1422 1140 1451 et
1172 1413 1390 1450 convocatis
1422 1413 1533 1449 disci-

225 1475 331 1524 pulis
361 1474 441 1510 suis
473 1474 525 1509 ait
556 1475 653 1510 illis:
686 1474 818 1519 Amen,
854 1473 937 1509 dico
962 1472 1079 1516 vobis,
1113 1472 1289 1520 quoniam
1323 1472 1390 1507 hec
1423 1471 1536 1507 vidua

226 1544 376 1581 pauper
404 1532 494 1580 plus
525 1532 697 1567 omnibus
720 1531 821 1567 misit
854 1530 917 1579 qui
943 1530 1130 1566 miserunt
1151 1529 1188 1565 in
1209 1528 1535 1581 gazophilacium.

232 1593 278 1626 Et
311 1591 453 1637 probat
491 1589 567 1625 hoc
600 1590 733 1637 quoad
772 1588 1037 1637 quantitatem
1078 1586 1208 1623 meriti
1248 1599 1367 1635 quam
1408 1586 1538 1633 signat

231 1648 319 1695 plus
362 1647 401 1682 in
444 1646 647 1683 sentencia
681 1646 846 1691 Christi;
894 1658 1035 1694 omnes,
1080 1644 1221 1693 inquit,
1266 1656 1315 1681 ex
1358 1656 1400 1680 eo
1438 1643 1539 1693 quod

176 1707 214 1738 25
231 1705 474 1740 habundabat
511 1704 587 1740 illis
619 1704 816 1747 miserunt,
875 1704 942 1739 lzec
974 1716 1064 1739 vero
1099 1703 1145 1739 de
1172 1701 1336 1751 penuria
1368 1714 1436 1738 sua
1468 1713 1539 1750 que

231 1762 361 1798 habuit
400 1762 500 1798 misit
530 1769 649 1798 totum
677 1762 814 1797 victum
837 1774 961 1806 suum,
991 1760 1102 1808 quasi
1126 1759 1294 1796 diceret:
1329 1760 1401 1796 hec
1424 1758 1539 1795 dacio

232 1829 311 1856 tam
346 1832 466 1867 egene
489 1819 602 1855 vidue
629 1818 819 1855 mittentis
843 1827 966 1855 totam
1000 1817 1212 1866 pecuniam
1243 1830 1363 1866 quam
1389 1816 1539 1864 habuit,

233 1890 308 1925 que
352 1877 401 1913 sit
445 1877 657 1913 causaliter
699 1876 825 1913 victus
858 1889 964 1921 suus,
999 1884 1208 1912 attestatur
1247 1887 1365 1922 super
1398 1873 1540 1910 maiori

233 1934 451 1971 dileccione
484 1948 605 1983 quam
639 1934 712 1970 fuit
744 1934 785 1970 in
818 1934 872 1970 eis
905 1933 972 1981 qui
1006 1934 1200 1969 dederunt
1232 1933 1359 1969 solum
1384 1940 1538 1980 partem

177 1997 217 2028 30
233 1992 398 2040 pecunie
431 1991 841 2040 superhabundantis3
887 1992 1036 2027 factum
1082 1990 1242 2039 quidem
1277 1989 1538 2027 extrinsecum

234 2059 292 2091 est,
321 2050 478 2098 signum
512 2049 743 2086 dileccionis
787 2058 824 2085 et
869 2061 938 2096 per
972 2061 1219 2097 consequens
1259 2047 1401 2093 meriti,
1447 2046 1540 2095 quia

232 2109 450 2144 secundum
485 2107 718 2155 Gregorium
761 2107 915 2143 dileccio
956 2113 1143 2155 operatur
1175 2118 1318 2156 magna
1352 2105 1386 2141 si
1416 2112 1472 2140 est
1503 2112 1540 2140 et

234 2165 364 2213 potuit
408 2165 474 2201 illa
519 2165 721 2201 sentencia
768 2164 936 2201 derivari
984 2177 1030 2201 eo
1075 2165 1182 2212 quod
1229 2163 1344 2200 aliter
1387 2163 1540 2199 deesset

235 2222 477 2270 pauperibus
501 2223 678 2271 precium
703 2223 753 2258 ad
777 2223 989 2258 emendum
1015 2234 1181 2269 regnum
1201 2222 1399 2265 celorum;
1424 2219 1539 2256 aliter

177 2281 337 2317 35enim
382 2282 487 2316 Deus
531 2280 649 2316 nimis
692 2279 948 2316 necessitaret
981 2280 1030 2315 ad
1076 2278 1214 2315 mundi
1259 2277 1421 2314 divicias
1454 2289 1541 2325 per÷

234 2338 448 2386 quirendas
493 2346 529 2374 et
575 2337 748 2374 abiceret
794 2349 988 2384 pauperes
1027 2349 1119 2373 suos
1152 2349 1252 2384 quos
1285 2344 1367 2372 tam
1401 2335 1539 2370 crebro

189 2419 192 2421 —
234 2396 490 2432 commendat
522 2408 642 2443 supra
675 2394 826 2441 divites,
862 2407 949 2431 cum
985 2403 1119 2430 tamen
1152 2406 1195 2430 ex
1229 2393 1305 2429 fide
1336 2391 1541 2440 cognosci-

236 2466 321 2489 mus
380 2454 487 2501 quod
533 2453 667 2489 divites
690 2453 782 2501 plus
813 2459 927 2502 egent
958 2452 1192 2500 pauperibus
1222 2463 1335 2500 quam
1370 2457 1539 2495 econtra,

234 2519 277 2547 ut
309 2509 404 2546 dicit
435 2510 679 2558 Augustinus
712 2510 752 2546 in
776 2511 832 2545 De
855 2510 994 2546 Verbis
1023 2508 1184 2545 Domini
1208 2511 1402 2545 Sermone
1425 2508 1540 2543 XXV.

302 2685 342 2711 21,
361 2685 404 2705 22.
429 2677 523 2705 Cod.:
545 2678 653 2705 mulier
668 2685 813 2713 pauper;
832 2685 911 2705 corr.
933 2677 963 2704 in
985 2685 1083 2712 marg.

310 2759 360 2792 16.
387 2761 489 2790 Marc.
511 2760 579 2799 XII,
599 2760 746 2800 ιιι-43.
843 2769 894 2798 24.
920 2759 1024 2791 Marc.
1044 2759 1112 2799 XII,
1130 2768 1184 2797 aa.
1283 2758 1333 2801 39.
1360 2759 1396 2790 St
1427 2759 1543 2799 Augu-

235 2806 313 2836 stini
341 2806 431 2848 Opp.
457 2813 542 2838 tom.
560 2806 600 2845 V,
628 2816 703 2847 pag.
730 2805 811 2846 1453
840 2806 963 2845 (Scrm.
993 2803 1233 2846 CCCLXVII).
