2050 3292
234 202 322 232 CAP.
344 194 453 250 XXII-j
707 205 843 238 LIBER
868 203 1067 237 TERTius

232 313 389 349 additus
412 311 642 349 humanitus
666 311 915 351 adinventus.
949 312 1062 347 Unde
1085 310 1250 347 affeccio
1284 311 1542 359 proprietatis

231 372 401 419 superbe
444 382 488 406 ex
531 369 749 406 elemosina
795 377 832 405 et
875 381 1013 416 grossa
1046 368 1222 405 attencio
1256 370 1306 405 ad
1339 369 1543 406 sensibilia

232 436 290 465 est
334 427 374 464 in
419 440 551 472 causa,
597 439 720 476 quare
765 425 921 474 decepti
961 435 1150 474 putamus
1183 427 1291 474 quod
1324 426 1543 463 elemosina

233 486 473 533 conglobata
505 485 593 533 plus
624 485 788 532 prodest
812 483 976 520 ecclesie
1001 497 1121 532 quam
1147 483 1366 520 elemosina
1390 484 1544 532 plurior

198 542 272 579 5in
316 543 646 591 proporcionales
692 541 887 578 minucias
936 541 1160 588 distributa,
1207 554 1252 578 ac
1297 541 1328 577 si
1361 541 1543 579 erronice

231 603 483 637 crederemus
522 601 631 649 quod
663 600 822 636 doleum
856 611 958 647 aque
990 599 1106 636 unice
1145 599 1314 636 effusum
1348 599 1387 635 in
1419 599 1542 648 pratis

229 658 353 694 aridis
399 658 525 706 magis
570 657 781 706 proficeret
831 670 951 705 quam
1006 658 1237 704 centuplum
1290 657 1542 705 temporanie

230 715 471 761 irroratum3
506 724 542 752 et
575 717 650 752 hoc
683 715 891 751 confundit
923 715 1230 763 rempublicam.

287 776 418 821 Sexto,
436 773 659 822 periculosa
677 772 953 809 accumulacio
974 772 1256 821 temporalium
1281 772 1374 809 facit
1392 773 1541 809 clerum

176 831 425 868 10inermem
461 831 591 868 redire
623 832 673 867 ad
706 831 883 867 seculum
915 830 1125 867 virtutibus
1158 830 1387 878 spoliatum.
1440 833 1542 867 Nam

229 889 486 937 impugnando
520 888 727 926 ecclesiam
769 888 864 925 facit
897 901 983 924 eam
1018 888 1272 924 recalcitrare
1305 897 1443 925 contra
1476 888 1543 925 sti-

229 947 379 983 mulum
405 947 629 995 penitencie
654 955 690 982 et
714 946 892 983 desidem
917 946 957 982 in
979 946 1134 992 labore;
1169 946 1209 982 in
1240 946 1351 982 cuius
1385 946 1540 994 signum

224 1005 395 1042 ecclesia
441 1004 677 1054 apostoliea,
723 1004 889 1041 ecclesia
930 1004 1138 1040 martirum
1174 1012 1211 1040 et
1244 1004 1411 1040 ecclesia
1443 1017 1541 1052 pau-

227 1075 367 1110 perum
402 1063 673 1099 confessorum
714 1062 806 1098 fecit
840 1061 965 1109 magis
1000 1061 1173 1109 gloriosa
1206 1061 1412 1107 miracula,
1452 1062 1539 1110 plus

113 1124 189 1167 193⁰
227 1120 435 1168 ampliavit
464 1117 467 1173 Ι
498 1120 616 1156 fidem
652 1119 817 1156 ecclesie
851 1120 1121 1156 convertendo
1146 1119 1393 1156 christicolas
1417 1132 1537 1167 quam

225 1178 423 1226 posterior
447 1178 614 1215 ecclesia
637 1177 928 1226 temporalibus
951 1177 1006 1213 sic
1029 1178 1179 1215 dotata.
1212 1179 1314 1213 Nam
1344 1178 1448 1213 Luce
1472 1178 1538 1213 XII

225 1235 321 1272 dixit
354 1236 479 1272 dives:
525 1235 676 1283 Anima,
716 1236 830 1271 habes
862 1235 982 1271 multa
1016 1235 1113 1271 bona
1146 1235 1312 1283 reposita
1350 1235 1386 1270 in
1419 1247 1540 1271 annos

219 1293 435 1342 plurimos;
467 1294 670 1342 requiesce,
704 1294 873 1339 comede,
907 1293 1001 1339 bibe,
1034 1293 1203 1342 epulare.

157 1355 186 1386 R
282 1351 484 1399 Septimus
508 1364 619 1388 error
642 1359 699 1387 est
722 1352 829 1399 quod
853 1359 1046 1398 putantur
1081 1351 1312 1387 claustrales
1344 1351 1404 1386 vel
1437 1349 1537 1387 ritus

167 1422 209 1444 20
224 1409 429 1445 sensibiles
474 1410 727 1446 observantes
771 1408 812 1444 in
844 1417 1039 1456 quantum
1073 1407 1305 1444 huiusmodi
1337 1420 1422 1444 esse
1454 1407 1537 1444 effi-

224 1467 400 1504 caciores
423 1466 586 1503 ecclesie
603 1475 801 1514 oratores3
826 1475 982 1502 constat
1006 1475 1139 1503 autem
1159 1478 1203 1502 ex
1226 1465 1304 1502 fide
1326 1465 1534 1514 scripture,

223 1524 304 1561 sive
336 1525 415 1561 sint
447 1525 588 1561 fratres
621 1524 701 1561 sive
735 1523 936 1570 monachi,
982 1524 1062 1560 sive
1095 1524 1297 1571 regulares
1337 1524 1534 1570 canonici,

221 1595 304 1618 non
336 1582 377 1618 in
410 1582 531 1630 signis
565 1582 804 1633 extrinsecis,
837 1581 912 1618 nisi
944 1582 1045 1619 forte
1068 1594 1138 1630 per
1161 1581 1360 1628 accidens,
1393 1582 1463 1618 sed
1495 1581 1535 1617 in

221 1640 319 1687 legis
352 1640 500 1677 Christi
544 1640 805 1677 observancia
849 1648 927 1676 stat
971 1639 1110 1688 religio
1155 1639 1387 1683 christiana,
1433 1640 1535 1676 sicut

166 1700 205 1732 25
221 1706 404 1734 notatum
437 1707 494 1735 est
522 1698 562 1735 in
586 1699 762 1746 capitulo
786 1700 833 1734 ΙΙΙ
859 1698 973 1734 huius
995 1699 1042 1734 V.
1078 1699 1178 1734 Nam
1213 1697 1396 1745 apostoli,
1431 1710 1534 1733 mar-

222 1755 329 1803 tires,
398 1756 703 1804 exproprietarii
755 1765 792 1792 et
856 1756 1135 1792 exclaustrales
1180 1755 1428 1792 confessores
1492 1764 1533 1791 ut

222 1813 407 1851 monachi
460 1814 640 1851 cenobite
692 1822 730 1850 et
772 1813 965 1850 heremite
1007 1813 1188 1850 vixerunt
1230 1813 1445 1861 pauperius
1497 1821 1535 1849 et

221 1873 531 1909 observaverunt
563 1871 782 1920 perfeccius
814 1872 940 1919 legem
966 1870 1248 1918 evangelicam,
1282 1884 1403 1919 quam
1425 1872 1533 1907 clau-

222 1930 375 1975 strales,
400 1929 557 1966 dicente
579 1929 805 1978 Augustino
828 1929 869 1965 in
892 1929 1060 1977 epistola
1076 1930 1126 1965 ad
1159 1928 1262 1965 cives
1284 1931 1531 1976 Yponenses,

166 1989 206 2021 30
222 1988 330 2036 quod
374 1988 443 2024 vix·
485 1988 580 2024 vidit
612 1988 791 2023 meliores
834 1987 1119 2032 claustralibus,
1165 1987 1234 2023 sed
1265 1995 1305 2023 ut
1336 1988 1461 2023 Deum
1493 1987 1531 2022 in

220 2053 351 2082 testem
385 2046 549 2093 invocat,
594 2057 783 2094 nunquam
830 2052 992 2081 noverat
1025 2045 1116 2094 plus
1142 2057 1365 2093 perversos.
1418 2046 1532 2081 Unde

221 2104 360 2139 beatus
394 2103 609 2151 Gregorius
633 2105 663 2139 II
695 2103 969 2151 Dyalogorum
1004 2102 1181 2150 capitulo
1209 2103 1262 2138 llr
1289 2110 1403 2139 notat
1434 2115 1532 2150 quo-

222 2162 343 2197 modo
377 2162 515 2198 beatus
547 2161 695 2198 Paulus
728 2160 796 2209 qui
828 2161 918 2209 plus
950 2160 1137 2197 omnibus
1176 2160 1373 2197 laboravit
1404 2160 1533 2196 noluit

221 2218 495 2256 inclaustrari:
536 2219 683 2266 Fortis,
726 2218 871 2267 inquit,
910 2218 1106 2268 preliator
1148 2219 1226 2254 Dei
1268 2218 1391 2254 teneri
1426 2218 1531 2266 infra

164 2277 204 2309 35
221 2277 393 2313 claustra
438 2277 571 2326 noluit,
615 2277 837 2313 certaminis
880 2288 1057 2325 campum
1102 2276 1273 2324 quesivit.
1334 2278 1382 2311 Et
1425 2284 1533 2323 patet

105 2333 182 2375 193d
220 2334 299 2370 fuci
327 2332 332 2386 Ι
361 2334 559 2382 dyabolici
592 2334 829 2380 destruccio‚
863 2347 943 2382 quo
976 2333 1139 2370 dicitur:
1185 2333 1275 2371 licet
1319 2333 1381 2369 isti
1427 2334 1531 2369 clau-

184 2393 358 2428 *strales
403 2392 480 2428 sint
527 2392 633 2439 mali,
679 2401 815 2428 tamen
858 2392 913 2429 eis
958 2400 1126 2440 possunt
1170 2391 1265 2428 boni
1303 2392 1530 2437 succedere,

221 2449 311 2486 ideo
343 2462 423 2486 non
457 2459 512 2486 est
545 2452 694 2486 bonum
728 2462 798 2498 per
836 2449 1064 2486 ablaciones
1108 2449 1394 2497 temporalium
1439 2461 1530 2485 suas

288 2628 331 2657 28.
351 2629 451 2666 legem
488 2630 753 2665 suprascriptum:
774 2631 927 2666 regulam.

291 2712 344 2746 25.
368 2713 458 2744 Vide
489 2723 593 2755 supra
625 2723 700 2756 pag.
737 2713 788 2745 30.
909 2723 961 2756 29.
996 2713 1033 2744 In
1065 2713 1213 2754 epistola
1245 2712 1445 2754 supradicta
1475 2712 1531 2744 hic

218 2758 318 2835 {ggps
329 2764 523 2836 Ιῖοῐὲῖἒῒεῒ,
543 2760 603 2790 sed
623 2769 737 2801 comp.
756 2760 818 2801 Ep.
839 2759 908 2799 LX,
928 2760 1019 2801 Opp.
1038 2766 1124 2790 tom.
1142 2758 1180 2798 ΙΙ,
1205 2757 1277 2800 148.
1366 2759 1417 2791 32.
1438 2759 1530 2801 Opp.

297 2830 302 2836 .
359 2830 366 2845 ‚
464 2831 470 2836 .

1752 210 1830 248 477

1582 777 1607 805 It
1626 779 1733 806 makes
1752 781 1802 807 the

1593 813 1696 849 clergy
1718 814 1787 842 idle.

1569 1354 1636 1382 The
1656 1357 1799 1384 claustral

1586 1390 1688 1426 clergy
1708 1399 1768 1425 are,
1793 1400 1825 1419 as

1558 1425 1642 1458 such,
1663 1433 1702 1452 no
1725 1427 1821 1454 beiter

1586 1459 1656 1486 than
1679 1461 1794 1488 others.
