2050 3292
198 856 234 876 10

195 1429 237 1450 20

201 1996 240 2027 '50

193 2469 219 2499 N

201 2581 244 2611 40

249 212 336 240 (ω’.
360 203 488 256 xxvi]
719 213 850 246 [Imm
877 213 1085 245 '1'J‹2R'1'1US.

251 323 297 358 dc
331 334 498 369 persona
535 320 692 369 Christi,
738 329 773 355 et
807 328 847 355 ut
880 319 934 355 sic
967 318 1136 366 opinans
1171 317 1309 354 asserit
1345 317 1469 354 eciam
1505 318 1551 354 de

250 392 418 427 persona
445 380 590 426 matris,
624 378 712 414 ideo
735 385 889 425 oportet
921 378 1026 424 quod
1052 376 1118 412 fiat
1141 375 1370 412 distribucio
1394 388 1550 412 accom-

251 438 381 473 moda.
406 439 453 472 Et
475 436 566 472 licet
590 437 705 472 beata
728 435 837 483 virgo
860 434 975 470 fuerit
998 433 1038 469 in
1062 433 1247 481 originali
1271 441 1447 481 peccato,
1472 446 1552 469 non

248 503 383 530 tamen
415 493 560 538 obviat,
601 492 694 541 quin
730 492 858 540 potuit
898 492 1014 527 fuisse
1046 490 1280 539 simpliciter
1311 499 1551 539 preservata.

308 555 507 597 Quantum
534 552 583 587 ad
606 552 836 595 secundum,
869 557 976 597 patet
1008 550 1115 597 quod
1146 549 1288 585 falsum
1323 548 1551 594 assumitur,

250 609 343 657 quia
387 618 481 645 tunc
525 620 642 645 omne
690 616 898 655 peccatum
944 605 1137 654 originale
1182 606 1282 642 foret
1325 605 1551 648 indelebile,

250 679 339 702 cum
374 676 462 714 post
495 666 737 714 baptismum
771 674 827 701 est
856 677 954 712 eque
978 676 1113 700 verum
1139 665 1245 711 quod
1269 675 1438 711 persona
1463 661 1550 715 mal

251 724 453 760 descendit
500 723 554 759 sic
588 736 609 759 a
641 722 873 771 parentibus
918 721 1073 757 infectis
1118 722 1219 757 sicut
1264 730 1301 757 et
1334 730 1438 770 ante,
1483 722 1553 756 sed

250 781 328 817 iam
363 789 419 817 est
451 781 671 817 remedium
707 780 929 825 inductum,
976 778 1126 815 scilicet
1159 778 1364 826 originalis
1397 777 1552 814 iusticia

251 848 388 875 contra
422 838 656 885 originalem
693 838 865 885 culpam.

309 899 354 932 Et
386 905 578 944 quantum
614 897 662 931 ad
696 904 854 932 sanctos
901 903 1078 930 tenentes
1124 894 1228 941 quod
1272 893 1319 930 sit
1360 902 1553 941 concepta

250 953 289 989 in
323 953 507 1001 originali
541 962 719 1001 peccato,
770 953 925 988 videtur
969 953 1076 999 quod
1124 952 1310 987 locuntur
1354 951 1554 998 opinative

250 1012 307 1047 vel
341 1011 574 1059 reputative,
608 1023 688 1047 non
721 1019 853 1047 autem
887 1009 1073 1045 assertive
1106 1009 1164 1044 vel
1197 1008 1419 1044 diffinitive.

308 1070 450 1114 Quoad
483 1068 649 1105 tercium
686 1067 917 1104 conceditur
951 1067 1077 1102 maior
1118 1075 1154 1102 et
1200 1075 1367 1114 negatur
1413 1066 1553 1110 minor,

218 1126 343 1174 §quia
387 1126 635 1174 experiencia
679 1138 770 1162 cum
816 1124 1018 1173 sapiencia
1063 1125 1110 1160 de
1157 1124 1353 1160 mandatis
1393 1123 1555 1159 Domini

251 1185 366 1219 docet
399 1185 506 1232 quod
540 1183 657 1220 nimis
691 1182 805 1219 multi
838 1191 1005 1231 peccant
1049 1181 1273 1226 actualiter3
1319 1194 1391 1217 nec
1436 1182 1555 1217 credo

252 1241 368 1277 fuisse
412 1241 600 1289 possibile
644 1241 818 1289 aliquem
863 1239 1101 1276 satisfecisse
1134 1252 1204 1286 pro
1243 1239 1359 1286 lapsu
1393 1238 1555 1275 humani

251 1298 405 1346 generis
428 1299 503 1335 nisi
527 1298 744 1345 Christum,
778 1298 833 1334 sic
859 1299 965 1346 quod
996 1298 1089 1333 dato
1122 1309 1192 1344 per
1224 1296 1413 1344 possibile
1448 1297 1556 1344 quod

251 1359 355 1392 Deus
388 1356 623 1393 infundisset
656 1369 745 1392 cum
771 1357 975 1392 creacione
999 1354 1131 1391 anime
1154 1353 1329 1401 graciam
1355 1353 1556 1401 originalis

252 1413 419 1460 iusticie7
465 1414 566 1450 sicut
610 1413 701 1450 fecit
747 1413 786 1449 in
818 1415 987 1449 Jeremia
1020 1421 1056 1448 et
1090 1411 1267 1459 Baptista
1299 1411 1433 1447 statim
1468 1420 1557 1459 post

252 1471 515 1517 nativitatem,
561 1472 688 1507 adhuc
734 1471 771 1506 in
816 1481 926 1507 utero
959 1469 1094 1506 fuisset
1132 1478 1216 1506 tota
1248 1468 1485 1506 iustificacio
1518 1469 1558 1504 in

254 1529 428 1577 pendulo
463 1529 767 1565 determinanda
799 1541 868 1576 per
901 1527 1127 1576 passionem
1161 1526 1321 1565 Christi.
1354 1527 1418 1564 Sic
1451 1526 1555 1563 enim

254 1587 293 1622 in
324 1586 468 1623 virtute
511 1586 708 1634 passionis
742 1585 887 1623 Christi
932 1585 1063 1621 future
1108 1584 1246 1621 salvati
1291 1593 1382 1620 sunt
1426 1592 1557 1632 patres

254 1643 395 1680 veteris
438 1644 680 1690 testamenti,
727 1643 852 1680 eciam
899 1652 989 1679 ante
1032 1643 1158 1690 legem
1199 1642 1432 1680 Mosaicam.
1487 1644 1558 1678 Re-

223 1701 438 1750 Idempcio
483 1702 587 1738 enim
621 1701 785 1738 humani
817 1701 971 1749 generis
1003 1701 1107 1736 facta
1141 1712 1211 1747 per
1243 1699 1446 1736 Christum
1486 1699 1558 1735 fuit

255 1760 363 1807 prius
407 1759 598 1807 dignitate
642 1768 679 1797 et
712 1759 938 1796 intencione
971 1771 1089 1806 quam
1129 1756 1366 1794 iustificacio
1399 1766 1557 1805 patrum

256 1817 396 1853 veteris
429 1817 672 1861 testamenti,
721 1817 776 1854 sic
809 1819 916 1865 quod
951 1818 1055 1852 Deus
1087 1815 1154 1863 qui
1188 1815 1365 1863 prevenit
1397 1827 1556 1851 omnem

256 1875 458 1912 hominem
505 1884 720 1916 merentem
767 1875 942 1911 iuvando
987 1882 1023 1910 et
1067 1873 1280 1909 inicialiter
1323 1872 1559 1921 premiando

257 1932 433 1980 prevenit
465 1941 594 1969 totum
629 1934 847 1969 humanum
872 1944 994 1980 genus
1017 1939 1107 1979 post
1128 1931 1283 1978 lapsum
1309 1930 1558 1978 1·esipiscenS‚

257 1990 497 2027 remittendo
542 1990 582 2027 in
613 1990 758 2027 virtute
791 1989 987 2038 passionis
1021 1988 1180 2037 Christi,
1224 2000 1300 2036 que
1334 1987 1560 2025 eternaliter

257 2056 313 2084 est
356 2047 428 2083 sibi
474 2060 634 2096 presens
678 2050 896 2085 secundum
942 2059 1024 2084 esse
1068 2045 1318 2093 intelligibile
1363 2054 1402 2082 et
1432 2047 1558 2081 deter—

258 2105 408 2141 minata
438 2105 479 2143 in
510 2115 691 2154 tempore
724 2119 796 2142 suo
829 2106 1042 2142 succedere
1074 2105 1293 2140 secundum
1328 2116 1412 2140 esse
1444 2103 1559 2139 effec-

205 2170 214 2182 ⁰
257 2164 375 2210 tuale,
406 2162 410 2215 Ι
438 2163 493 2200 ita
536 2165 644 2212 quod
676 2164 829 2200 nullum
877 2162 1060 2200 meritum
1105 2160 1310 2198 christiani
1353 2162 1412 2198 vel
1456 2161 1560 2197 salus

258 2221 430 2258 hominis
474 2230 608 2269 posset
651 2221 841 2269 originari
885 2229 975 2269 post
1025 2221 1181 2267 lapsum
1226 2219 1301 2255 nisi
1333 2219 1373 2255 in
1416 2219 1560 2255 virtute

228 2283 240 2291 ⁷
260 2278 419 2316 Christi.
451 2279 543 2315 Ideo
567 2292 649 2316 non
673 2278 853 2327 sequitur
876 2291 920 2315 ex
941 2280 1028 2322 isto,
1053 2278 1159 2326 quod
1184 2278 1403 2313 humanum
1437 2289 1558 2324 genus

259 2346 392 2384 posset
419 2336 561 2373 redimi
593 2336 676 2373 sine
700 2337 818 2385 plena
840 2348 1101 2384 recompensa
1123 2335 1228 2371 facta
1250 2347 1321 2382 per
1343 2333 1560 2380 Christum,

258 2402 300 2430 ut
332 2406 402 2443 per
434 2394 700 2431 elevacionem
724 2393 940 2444 straminis,
974 2406 1043 2441 per
1065 2393 1214 2429 nudam
1238 2391 1560 2439 acceptacionem

260 2452 435 2489 divinam
468 2452 528 2488 vel
561 2452 766 2500 quodlibet
798 2451 905 2488 aliud
936 2464 1036 2499 opus
1069 2459 1268 2486 neutrum.

1755 204 1835 253 619

1601 552 1668 580 The
1690 553 1803 580 second

1595 587 1689 614 doubt
1711 588 1811 614 would

1585 622 1672 648 make
1693 622 1822 655 original

1595 665 1640 683 sm
1664 656 1816 683 indelible.

1613 1071 1657 1097 As
1677 1070 1725 1097 for
1744 1071 1796 1097 the

1614 1105 1708 1137 third,
1728 1105 1749 1131 it
1770 1106 1794 1131 is

1637 1140 1709 1174 only
1729 1140 1778 1166 the
1794 1173 1799 1177 Ἴ

1618 1181 1742 1208 passion
1765 1178 1795 1200 ot

1612 1209 1716 1236 Christ
1735 1209 1800 1235 that

1656 1244 1761 1270 makes

1618 1278 1752 1305 deletion
1774 1278 1808 1305 of

1607 1312 1736 1347 original
1758 1313 1803 1339 sin

1637 1347 1783 1382 possible.

317 2512 365 2546 Et
408 2518 518 2558 patet
562 2510 670 2559 quod
714 2522 794 2545 non
839 2508 1048 2556 superfluit
1093 2506 1295 2544 Christum
1342 2506 1459 2543 fuisse
1504 2506 1849 2560 ill‘Chszt’spassion

261 2576 480 2614 carnatum‚
526 2580 614 2603 cum
660 2567 789 2603 omnis
822 2568 927 2603 salus
960 2564 1178 2613 peccatoris
1218 2564 1352 2600 fuisset
1391 2564 1560 2600 indeter-

263 2624 425 2670 minata,
478 2625 552 2660 nisi
604 2637 674 2672 per
725 2637 840 2660 suum
889 2623 1093 2667 meritum;
1145 2634 1217 2658 nec
1268 2621 1405 2658 fuisset
1450 2621 1562 2658 aliter

260 2682 504 2730 exemplacio
548 2684 596 2718 ad
629 2682 855 2731 vivendum,
899 2679 1143 2729 propiciacio
1188 2687 1324 2716 contra
1363 2680 1493 2715 hostes
1527 2686 1563 2716 e‘t

330 2816 358 2843 ti.
380 2816 473 2843 Codes
494 2815 656 2842 indelihsle.
731 2823 756 2850 7.
779 2814 872 2841 (40⁴1st
894 2822 970 2849 eque
989 2822 1088 2842 unum.

1629 2569 1804 2595 EeceSSsssy.
