2050 3292
227 217 316 245 CAP.
338 207 438 262 xxi]
693 218 829 249 LIBER
855 215 1065 249 TERTIUS.
1739 215 1818 254 445

222 325 326 361 ultra
359 325 579 361 necessaria
613 323 690 360 vite
725 324 911 371 recipere,
946 335 1035 358 cum
1070 333 1231 358 necesse
1259 329 1317 359 est
1339 323 1467 369 ipsum
1491 329 1534 356 ut

222 384 274 419 sic
307 395 329 418 a
362 390 466 419 statu
500 381 759 429 perfeccionis
794 382 968 417 excidere
1001 388 1038 416 et
1060 382 1166 427 turpi
1188 380 1299 415 lucro
1323 391 1365 415 ex
1388 378 1531 415 ultimo

223 441 351 487 quarti
385 439 502 475 huius
535 438 754 476 intendere.
789 439 865 475 Sed
898 438 1267 486 quomodocunque
1301 436 1350 473 sit
1374 437 1421 472 de
1444 437 1532 479 hoc,

223 506 377 533 certum
422 497 578 534 videtur
623 497 731 544 quod
775 496 951 532 illicitum
1006 503 1062 531 est
1115 494 1260 531 clerico
1312 506 1436 542 usque
1485 495 1534 530 ad

190 556 448 592 §Romanurn
483 554 714 602 pontificem
748 553 935 589 inclusive
975 552 1173 588 dominari
1207 552 1385 596 civiliter,
1426 552 1533 599 quod

223 614 361 648 beatus
407 613 662 648 Bernhardus
706 611 807 647 libro
842 612 870 646 ΙΙ
917 611 965 646 ad
1007 609 1227 657 Eugenium
1276 610 1397 657 paulo
1446 620 1535 656 post

224 669 458 717 principium
496 669 727 706 notabiliter
759 667 948 704 ostendit:
990 668 1076 713 Dic,
1116 666 1258 714 inquit,
1295 679 1413 716 papa,
1447 667 1537 715 quid

222 727 329 761 uliud
360 727 428 762 tibi
458 726 600 762 dimisit
631 733 786 763 sanctus
817 725 1045 774 apostolus?
1082 724 1197 774 Qtod
1229 725 1361 770 habeo,
1396 726 1534 772 inquit,

223 785 293 819 hoc
316 784 384 820 tihi
404 786 464 822 do.
503 785 616 828 Quod
638 784 763 819 illud?
800 783 922 819 Unum
945 783 1036 818 scio.
1072 782 1156 818 Non
1180 790 1235 818 est
1257 795 1395 818 aurum
1420 794 1537 831 neque

170 849 446 892 wat-gentum,
492 854 576 878 cum
609 842 688 890 ipse
734 842 855 877 dicat:
886 847 1092 891 argentum
1127 847 1161 876 et
1205 852 1343 875 aurum
1378 852 1450 875 non
1484 847 1538 876 est

226 900 351 935 michi.
387 900 429 935 Si
459 900 601 936 habere
632 900 843 949 contingat,
877 906 984 934 utere
1016 909 1088 933 non
1117 910 1193 946 pro
1227 898 1333 933 libitu
1365 899 1433 934 sed
1463 910 1536 946 pro

223 964 407 1005 tempore.
444 958 506 992 Sic
538 957 614 993 eris
647 965 753 993 utens
786 956 863 992 illis
894 956 1005 1004 quasi
1031 967 1103 991 non
1128 963 1246 1000 utens,
1280 956 1361 1005 ipsa
1385 955 1536 1004 quidem

224 1027 294 1062 que
337 1027 409 1051 non
453 1016 505 1050 ad
548 1015 667 1050 animi
703 1015 840 1050 bonum
886 1021 1071 1062 spectant,
1118 1026 1185 1049 nec
1224 1014 1320 1049 bonci
1352 1021 1440 1049 sunt
1473 1026 1539 1049 nec

226 1072 350 1116 malam
387 1085 478 1109 usus
518 1080 643 1108 tamen
677 1073 808 1118 homes,
858 1072 989 1108 abusio
1023 1071 1139 1116 mala,
1179 1071 1383 1107 solicitudo
1412 1071 1538 1120 peior,

156 1137 187 1175 Q
225 1138 378 1178 questus
409 1131 574 1179 turpior.
621 1132 668 1166 Et
701 1129 792 1178 quia
828 1138 918 1177 post
950 1131 1200 1165 dotacionem
1237 1128 1401 1165 ecclesie:
1434 1141 1539 1176 papa
1558 1144 1701 1178 Lawyefs
1723 1142 1832 1177 fiiisely

224 1188 407 1224 vendicat
440 1187 678 1236 temporalia
712 1188 859 1223 nedum
895 1199 938 1223 ex
971 1186 1190 1223 elemosina
1225 1187 1479 1235 imperatoris
1504 1195 1541 1222 et
1600 1178 1719 1204 ²¹⁵0*OE
1741 1178 1790 1203 me

1567 1212 1766 1239 cndowmeut
1785 1212 1821 1238 of

226 1245 395 1281 aliorum
431 1245 671 1283 secularium
706 1244 978 1289 dominorum,
1019 1245 1087 1280 sed
1114 1244 1362 1281 coniectores
1395 1244 1538 1280 iurium
1565 1248 1614 1274 the
1636 1246 1759 1274 Cluui-cli
1782 1251 1811 1272 10

226 1305 470 1350 sompniant‚
515 1303 698 1340 faciendo
723 1304 931 1351 episcopos
969 1302 1155 1346 insanire,
1203 1304 1310 1350 quod
1345 1302 1538 1346 Christus,
1583 1282 1818 1345 ffieGdgge'cztmast

225 1361 362 1397 Petrus
409 1370 445 1397 et
489 1374 627 1398 omnes
672 1374 810 1397 eorum
856 1373 1105 1397 successores
1139 1361 1365 1396 habuerunt
1398 1360 1457 1396 ius
1492 1361 1540 1395 ad
1591 1351 1794 1414 Οὲᾒζῃξῖζῇξω

171 1418 461 1455 2‹›mona1·chie
506 1419 670 1455 civiliter
715 1419 1016 1464 dominandum,
1063 1419 1130 1455 sed
1176 1417 1273 1453 illud
1318 1418 1376 1454 ius
1422 1418 1541 1454 iacuit
1558 1421 1671 1456 merely
1694 1419 1831 1468 restored

115 1481 188 1513 180‘¹
227 1476 401 1524 sopitum
448 1489 573 1525 usque
606 1478 655 1512 ad
685 1473 688 1523 Ι
718 1485 876 1524 tempus
921 1477 1024 1512 beati
1070 1475 1247 1512 Silvestri
1294 1485 1331 1512 et
1375 1477 1427 1512 sic
1460 1488 1540 1511 non
1583 1454 1802 1524 whualtjkilisessljirad

228 1534 379 1582 recepit
432 1536 641 1583 imperium
685 1527 707 1571 a
755 1535 1030 1578 Constantino,
1085 1542 1127 1570 ut
1175 1543 1289 1570 sonat
1334 1535 1538 1570 decretum
1621 1524 1773 1551 detained.

230 1592 488 1629 distinccione
521 1594 638 1629 XCVI
677 1593 949 1629 Constantinus
993 1593 1061 1628 sed
1105 1591 1336 1628 immediate
1381 1604 1401 1627 a
1436 1594 1539 1636 Deo;

230 1650 279 1686 ad
313 1651 420 1698 quod
452 1650 671 1698 imperator
703 1649 1060 1686 instrumentaliter
1092 1651 1183 1686 iuvit
1226 1650 1414 1697 ponendo
1451 1661 1539 1684 eum

176 1706 269 1745 25in
304 1710 591 1755 possessionem
627 1708 730 1744 illius
766 1709 873 1756 quod
907 1709 1013 1755 prius
1046 1707 1189 1743 iniuste
1220 1706 1404 1750 detinuit3
1438 1706 1542 1755 peri-

232 1765 413 1801 culosum
458 1765 687 1814 sompnium
742 1774 778 1802 et
828 1765 1089 1812 infundabsse,
1163 1778 1252 1801 cum
1317 1764 1540 1813 predictum

232 1824 437 1860 decretum
472 1833 587 1860 sonat
620 1824 660 1860 in
693 1823 938 1872 oppositum.
980 1825 1125 1859 Iterum
1163 1822 1427 1859 distinccione
1458 1823 1542 1858 VIII

233 1882 304 1917 sub
327 1880 455 1918 verbis
478 1881 690 1930 Augustini
723 1894 840 1929 super
866 1882 1087 1917 Johannem
1115 1880 1272 1917 Omelia
1294 1882 1344 1916 VI
1379 1882 1544 1916 docetur

233 1939 340 1986 quod
383 1952 455 1975 non
500 1940 583 1976 iure
627 1940 754 1975 divino
793 1940 898 1988 quod
940 1939 980 1974 in
1013 1938 1219 1986 scripturis
1258 1937 1446 1975 inseritur
1477 1938 1546 1974 sed

177 1997 317 2034 3oz'ure
369 1997 534 2033 humano
587 1997 760 2046 defendit
813 1997 1011 2045 episcopus
1058 1997 1264 2046 proprium
1319 1996 1541 2033 dominium.

235 2056 378 2090 Iterum
435 2056 573 2091 beatus
626 2055 881 2091 Bernhardus
933 2054 1000 2090 ubi
1047 2067 1166 2102 supra
1214 2062 1391 2090 tractans
1435 2053 1544 2089 illam

237 2112 443 2148 materiam
485 2126 611 2160 usque
650 2115 697 2149 ad
740 2113 1045 2148 fundamentum
1080 2112 1120 2148 in
1154 2122 1217 2148 ea:
1252 2112 1360 2157 Esto,
1400 2111 1544 2160 inquit,

235 2177 274 2205 ut
319 2170 394 2205 cilici
440 2183 662 2219 quacunque
706 2171 860 2206 racione
904 2171 971 2206 hec
1016 2170 1083 2205 tibi
1129 2169 1318 2212 vendices,
1362 2171 1430 2205 sed
1475 2182 1546 2205 non

235 2228 445 2276 apostolico
489 2229 586 2264 iure.
638 2230 718 2264 Nec
762 2228 857 2264 enim
904 2228 972 2263 tihi
1016 2229 1112 2263 dare
1155 2229 1256 2276 quod
1301 2240 1372 2262 non
1418 2227 1548 2262 habuit

180 2286 378 2334 35p0tuit5
410 2288 511 2334 quod
538 2287 667 2321 lzabuit
690 2288 761 2322 hoc
785 2286 888 2322 dedit
910 2285 1189 2321 solicitudinem
1215 2298 1330 2334 super
1354 2285 1546 2320 ecclesias.

237 2343 435 2392 Numquid
468 2344 800 2380 dominacionem?
837 2344 941 2379 Audi
971 2343 1090 2392 ipsum
1103 2359 1112 2378 .·
1144 2344 1276 2392 Neque
1309 2343 1549 2379 dominantes

197 2418 200 2420 ’
236 2401 289 2437 ait
321 2401 357 2436 in
391 2402 495 2438 clero
529 2403 596 2438 sed
616 2403 760 2449 forma
781 2402 889 2450 facti
917 2401 1070 2451 gregis.
1123 2401 1174 2436 Et
1213 2413 1259 2437 ne
1291 2401 1433 2437 dictum
1466 2401 1548 2436 sola

237 2459 448 2495 humilitate
487 2467 599 2508 putes
643 2472 688 2495 ne
732 2460 850 2495 eciam
896 2459 1059 2494 veritate
1103 2471 1182 2495 vox
1213 2458 1374 2494 Domini
1415 2466 1470 2494 est
1514 2458 1549 2493 in

238 2518 460 2567 evangelio:
503 2518 632 2568 Reges
676 2517 853 2567 gencium
889 2517 1140 2552 dominantur
1171 2529 1303 2553 eorum
1334 2524 1403 2554 etc,
1429 2523 1463 2551 et
1496 2515 1551 2551 in—

309 2652 348 2680 18.
370 2652 465 2680 Cod.:
487 2651 556 2678 dist.
574 2651 625 2679 IX.
698 2659 745 2683 24.
768 2651 862 2679 Cod.:
883 2652 926 2679 ad
944 2659 1031 2687 quos.
1103 2649 1146 2678 32.
1178 2649 1372 2686 Cod.:facti
1392 2650 1552 2686 Gregorii.

310 2723 341 2755 6.
369 2725 419 2756 De
440 2724 728 2756 Consideratione
748 2724 785 2764 ΙΙ,
813 2734 886 2765 cap.
904 2724 960 2756 vl.
1057 2724 1111 2757 23.
1139 2723 1222 2754 Dist.
1241 2722 1359 2762 XCVI,
1386 2732 1459 2763 cap.
1479 2722 1552 2753 XIlI

241 2777 273 2801 ct
298 2770 384 2847 Xlxyl.
483 2780 535 2813 29.
562 2771 646 2812 Cap.
679 2771 701 2814 Ι,
733 2770 808 2809 Quo
840 2771 924 2802 iure.
1021 2770 1075 2801 32.
1110 2771 1160 2800 De
1194 2769 1484 2800 consideratione
1515 2768 1552 2808 ΙΙ,

241 2826 314 2858 cap.
381 2839 389 2847 .
