<?xml version="1.0" encoding="UTF-8"?>
<!DOCTYPE html PUBLIC "-//W3C//DTD XHTML 1.0 Transitional//EN"
    "http://www.w3.org/TR/xhtml1/DTD/xhtml1-transitional.dtd">
<html xmlns="http://www.w3.org/1999/xhtml" xml:lang="en" lang="en">
 <head>
  <title>
</title>
<meta http-equiv="Content-Type" content="text/html;charset=utf-8" />
  <meta name='ocr-system' content='tesseract 3.04.00' />
  <meta name='ocr-capabilities' content='ocr_page ocr_carea ocr_par ocr_line ocrx_word'/>
</head>
<body>
  <div class='ocr_page' id='page_1' title='image "./decivilidominio04wycl_0030.png"; bbox 0 0 2050 3292; ppageno 0'>
   <div class='ocr_carea' id='block_1_1' title="bbox 211 256 293 305">
    <p class='ocr_par' dir='ltr' id='par_1_1' title="bbox 211 256 293 305">
     <span class='ocr_line' id='line_1_1' title="bbox 211 256 293 305; baseline 0 -12"><span class='ocrx_word' id='word_1_1' title='bbox 211 256 293 305; x_wconf 77' lang='lat'>380</span> 
     </span>
    </p>
   </div>
   <div class='ocr_carea' id='block_1_2' title="bbox 208 712 483 981">
    <p class='ocr_par' dir='ltr' id='par_1_2' title="bbox 208 712 483 981">
     <span class='ocr_line' id='line_1_2' title="bbox 208 712 483 746; baseline 0.004 -8"><span class='ocrx_word' id='word_1_2' title='bbox 208 715 235 739; x_wconf 87' lang='lat' dir='ltr'>It</span> <span class='ocrx_word' id='word_1_3' title='bbox 255 712 280 738; x_wconf 79' lang='lat' dir='ltr'>is</span> <span class='ocrx_word' id='word_1_4' title='bbox 301 717 355 739; x_wconf 81' lang='lat' dir='ltr'>not</span> <span class='ocrx_word' id='word_1_5' title='bbox 374 720 483 746; x_wconf 71' lang='lat' dir='ltr'>wrong</span> 
     </span>
     <span class='ocr_line' id='line_1_3' title="bbox 254 746 441 774; baseline 0 -1"><span class='ocrx_word' id='word_1_6' title='bbox 254 751 284 773; x_wconf 86' lang='lat' dir='ltr'>to</span> <span class='ocrx_word' id='word_1_7' title='bbox 306 746 405 774; x_wconf 87' lang='lat' dir='ltr'>desire</span> <span class='ocrx_word' id='word_1_8' title='bbox 426 755 441 773; x_wconf 86' lang='lat' dir='ltr'>a</span> 
     </span>
     <span class='ocr_line' id='line_1_4' title="bbox 212 780 482 816; baseline 0 -8"><span class='ocrx_word' id='word_1_9' title='bbox 212 780 370 816; x_wconf 83' lang='lat' dir='ltr'>bisliopric</span> <span class='ocrx_word' id='word_1_10' title='bbox 395 782 421 808; x_wconf 76' lang='lat' dir='ltr'>if</span> <span class='ocrx_word' id='word_1_11' title='bbox 437 789 482 808; x_wconf 87' lang='lat' dir='ltr'>we</span> 
     </span>
     <span class='ocr_line' id='line_1_5' title="bbox 238 815 456 843; baseline 0.005 -2"><span class='ocrx_word' id='word_1_12' title='bbox 238 816 317 842; x_wconf 86' lang='lat' dir='ltr'>wish</span> <span class='ocrx_word' id='word_1_13' title='bbox 338 815 386 843; x_wconf 85' lang='lat' dir='ltr'>for</span> <span class='ocrx_word' id='word_1_14' title='bbox 407 816 456 842; x_wconf 82' lang='lat' dir='ltr'>the</span> 
     </span>
     <span class='ocr_line' id='line_1_6' title="bbox 223 850 471 884; baseline 0.004 -8"><span class='ocrx_word' id='word_1_15' title='bbox 223 850 361 884; x_wconf 78' lang='lat' dir='ltr'>spiritual</span> <span class='ocrx_word' id='word_1_16' title='bbox 384 851 471 877; x_wconf 77' lang='lat' dir='ltr'>work</span> 
     </span>
     <span class='ocr_line' id='line_1_7' title="bbox 246 885 449 912; baseline 0 0"><span class='ocrx_word' id='word_1_17' title='bbox 246 885 305 912; x_wconf 81' lang='lat' dir='ltr'>and</span> <span class='ocrx_word' id='word_1_18' title='bbox 328 891 381 912; x_wconf 82' lang='lat' dir='ltr'>not</span> <span class='ocrx_word' id='word_1_19' title='bbox 400 885 449 912; x_wconf 86' lang='lat' dir='ltr'>for</span> 
     </span>
     <span class='ocr_line' id='line_1_8' title="bbox 280 920 413 956; baseline 0.023 -12"><span class='ocrx_word' id='word_1_20' title='bbox 280 920 413 956; x_wconf 78' lang='lat' dir='ltr'>worldly</span> 
     </span>
     <span class='ocr_line' id='line_1_9' title="bbox 281 955 412 981; baseline 0 0"><span class='ocrx_word' id='word_1_21' title='bbox 281 955 412 981; x_wconf 62' lang='lat' dir='ltr'>honour</span> 
     </span>
    </p>
   </div>
   <div class='ocr_carea' id='block_1_3' title="bbox 220 1418 483 1696">
    <p class='ocr_par' dir='ltr' id='par_1_3' title="bbox 220 1418 483 1696">
     <span class='ocr_line' id='line_1_10' title="bbox 259 1418 436 1452; baseline -0.006 -7"><span class='ocrx_word' id='word_1_22' title='bbox 259 1418 436 1452; x_wconf 77' lang='lat' dir='ltr'>Objection:</span> 
     </span>
     <span class='ocr_line' id='line_1_11' title="bbox 220 1453 483 1480; baseline -0.004 0"><span class='ocrx_word' id='word_1_23' title='bbox 220 1453 297 1480; x_wconf 56' lang='lat' dir='ltr'>§ivit</span> <span class='ocrx_word' id='word_1_24' title='bbox 327 1454 389 1480; x_wconf 86' lang='lat' dir='ltr'>rule</span> <span class='ocrx_word' id='word_1_25' title='bbox 411 1453 483 1480; x_wconf 73' lang='lat' dir='ltr'>does</span> 
     </span>
     <span class='ocr_line' id='line_1_12' title="bbox 249 1488 450 1514; baseline 0 0"><span class='ocrx_word' id='word_1_26' title='bbox 249 1493 301 1514; x_wconf 83' lang='lat' dir='ltr'>not</span> <span class='ocrx_word' id='word_1_27' title='bbox 322 1488 450 1514; x_wconf 82' lang='lat' dir='ltr'>distract</span> 
     </span>
     <span class='ocr_line' id='line_1_13' title="bbox 223 1522 464 1556; baseline 0 -7"><span class='ocrx_word' id='word_1_28' title='bbox 223 1522 303 1550; x_wconf 77' lang='lat' dir='ltr'>from</span> <span class='ocrx_word' id='word_1_29' title='bbox 325 1523 464 1556; x_wconf 79' lang='lat' dir='ltr'>spiritual</span> 
     </span>
     <span class='ocr_line' id='line_1_14' title="bbox 228 1557 476 1584; baseline -0.004 0"><span class='ocrx_word' id='word_1_30' title='bbox 228 1558 278 1584; x_wconf 80' lang='lat' dir='ltr'>life</span> <span class='ocrx_word' id='word_1_31' title='bbox 300 1565 386 1584; x_wconf 86' lang='lat' dir='ltr'>more</span> <span class='ocrx_word' id='word_1_32' title='bbox 405 1557 476 1584; x_wconf 80' lang='lat' dir='ltr'>thau</span> 
     </span>
     <span class='ocr_line' id='line_1_15' title="bbox 255 1592 438 1626; baseline -0.005 -7"><span class='ocrx_word' id='word_1_33' title='bbox 255 1592 438 1626; x_wconf 77' lang='lat' dir='ltr'>dispensing</span> 
     </span>
     <span class='ocr_line' id='line_1_16' title="bbox 275 1629 424 1661; baseline 0 -8"><span class='ocrx_word' id='word_1_34' title='bbox 275 1629 424 1661; x_wconf 87' lang='lat' dir='ltr'>temporal</span> 
     </span>
     <span class='ocr_line' id='line_1_17' title="bbox 293 1661 401 1696; baseline 0 -8"><span class='ocrx_word' id='word_1_35' title='bbox 293 1661 401 1696; x_wconf 71' lang='lat' dir='ltr'>goods,</span> 
     </span>
    </p>
   </div>
   <div class='ocr_carea' id='block_1_4' title="bbox 230 1986 467 2091">
    <p class='ocr_par' dir='ltr' id='par_1_4' title="bbox 230 1986 467 2091">
     <span class='ocr_line' id='line_1_18' title="bbox 282 1986 414 2014; baseline -0.015 0"><span class='ocrx_word' id='word_1_36' title='bbox 282 1986 325 2014; x_wconf 83' lang='lat' dir='ltr'>Cb</span> <span class='ocrx_word' id='word_1_37' title='bbox 335 1987 414 2013; x_wconf 82' lang='lat' dir='ltr'>rist&#39;s</span> 
     </span>
     <span class='ocr_line' id='line_1_19' title="bbox 230 2021 467 2055; baseline 0 -7"><span class='ocrx_word' id='word_1_38' title='bbox 230 2022 419 2055; x_wconf 66' lang='lat' dir='ltr'>prohibition</span> <span class='ocrx_word' id='word_1_39' title='bbox 443 2021 467 2048; x_wconf 87' lang='lat' dir='ltr'>is</span> 
     </span>
     <span class='ocr_line' id='line_1_20' title="bbox 281 2057 414 2091; baseline 0 -9"><span class='ocrx_word' id='word_1_40' title='bbox 281 2057 414 2091; x_wconf 66' lang='lat' dir='ltr'>enough,</span> 
     </span>
    </p>
   </div>
   <div class='ocr_carea' id='block_1_5' title="bbox 921 246 1800 301">
    <p class='ocr_par' dir='ltr' id='par_1_5' title="bbox 921 246 1800 301">
     <span class='ocr_line' id='line_1_21' title="bbox 921 246 1800 301; baseline -0.006 -9"><span class='ocrx_word' id='word_1_41' title='bbox 921 259 980 291; x_wconf 86' lang='lat' dir='ltr'>DE</span> <span class='ocrx_word' id='word_1_42' title='bbox 1008 260 1143 292; x_wconf 65' lang='lat' dir='ltr'>civni</span> <span class='ocrx_word' id='word_1_43' title='bbox 1171 259 1379 292; x_wconf 69' lang='lat' dir='ltr'>DOMiuio.</span> <span class='ocrx_word' id='word_1_44' title='bbox 1593 246 1697 301; x_wconf 70' lang='lat' dir='ltr'>[CAP-</span> <span class='ocrx_word' id='word_1_45' title='bbox 1721 255 1800 283; x_wconf 75' lang='lat' dir='ltr'>xix.</span> 
     </span>
    </p>
   </div>
   <div class='ocr_carea' id='block_1_6' title="bbox 496 363 1915 2611">
    <p class='ocr_par' dir='ltr' id='par_1_6' title="bbox 498 363 1839 694">
     <span class='ocr_line' id='line_1_22' title="bbox 499 363 1802 415; baseline -0.004 -11"><span class='ocrx_word' id='word_1_46' title='bbox 499 368 652 404; x_wconf 84' lang='lat' dir='ltr'>decime</span> <span class='ocrx_word' id='word_1_47' title='bbox 691 366 923 415; x_wconf 83' lang='lat' dir='ltr'>spiritualis,</span> <span class='ocrx_word' id='word_1_48' title='bbox 969 364 1025 402; x_wconf 91' lang='lat' dir='ltr'>sic</span> <span class='ocrx_word' id='word_1_49' title='bbox 1064 365 1255 401; x_wconf 85' lang='lat' dir='ltr'>iudicium</span> <span class='ocrx_word' id='word_1_50' title='bbox 1296 366 1403 413; x_wconf 91' lang='lat' dir='ltr'>quod</span> <span class='ocrx_word' id='word_1_51' title='bbox 1444 363 1610 401; x_wconf 89' lang='lat' dir='ltr'>clericus</span> <span class='ocrx_word' id='word_1_52' title='bbox 1652 365 1717 400; x_wconf 90' lang='lat' dir='ltr'>dat</span> <span class='ocrx_word' id='word_1_53' title='bbox 1756 365 1802 399; x_wconf 88' lang='lat' dir='ltr'>de</span> 
     </span>
     <span class='ocr_line' id='line_1_23' title="bbox 498 421 1803 474; baseline -0.004 -12"><span class='ocrx_word' id='word_1_54' title='bbox 498 425 787 474; x_wconf 81' lang='lat' dir='ltr'>temporalibus</span> <span class='ocrx_word' id='word_1_55' title='bbox 843 432 901 460; x_wconf 89' lang='lat' dir='ltr'>est</span> <span class='ocrx_word' id='word_1_56' title='bbox 940 422 1148 471; x_wconf 84' lang='lat' dir='ltr'>spirituale</span> <span class='ocrx_word' id='word_1_57' title='bbox 1186 431 1351 471; x_wconf 89' lang='lat' dir='ltr'>propter</span> <span class='ocrx_word' id='word_1_58' title='bbox 1384 421 1709 470; x_wconf 82' lang='lat' dir='ltr'>spiritualitatem</span> <span class='ocrx_word' id='word_1_59' title='bbox 1744 434 1803 458; x_wconf 90' lang='lat' dir='ltr'>ra-</span> 
     </span>
     <span class='ocr_line' id='line_1_24' title="bbox 499 478 1804 529; baseline -0.003 -10"><span class='ocrx_word' id='word_1_60' title='bbox 499 483 624 519; x_wconf 85' lang='lat' dir='ltr'>cionis</span> <span class='ocrx_word' id='word_1_61' title='bbox 666 492 701 519; x_wconf 85' lang='lat' dir='ltr'>et</span> <span class='ocrx_word' id='word_1_62' title='bbox 733 483 860 518; x_wconf 89' lang='lat' dir='ltr'>forme</span> <span class='ocrx_word' id='word_1_63' title='bbox 891 480 1040 520; x_wconf 88' lang='lat' dir='ltr'>iudicii.</span> <span class='ocrx_word' id='word_1_64' title='bbox 1092 483 1147 516; x_wconf 86' lang='lat' dir='ltr'>Ex</span> <span class='ocrx_word' id='word_1_65' title='bbox 1180 493 1260 529; x_wconf 88' lang='lat' dir='ltr'>quo</span> <span class='ocrx_word' id='word_1_66' title='bbox 1293 488 1402 528; x_wconf 84' lang='lat' dir='ltr'>patet</span> <span class='ocrx_word' id='word_1_67' title='bbox 1436 481 1543 528; x_wconf 86' lang='lat' dir='ltr'>quod</span> <span class='ocrx_word' id='word_1_68' title='bbox 1576 478 1804 515; x_wconf 89' lang='lat' dir='ltr'>iurisdiccio</span> 
     </span>
     <span class='ocr_line' id='line_1_25' title="bbox 500 536 1805 588; baseline -0.005 -11"><span class='ocrx_word' id='word_1_69' title='bbox 500 540 653 577; x_wconf 89' lang='lat' dir='ltr'>domini</span> <span class='ocrx_word' id='word_1_70' title='bbox 706 553 807 588; x_wconf 88' lang='lat' dir='ltr'>pape</span> <span class='ocrx_word' id='word_1_71' title='bbox 854 548 911 576; x_wconf 87' lang='lat' dir='ltr'>est</span> <span class='ocrx_word' id='word_1_72' title='bbox 955 538 1154 575; x_wconf 82' lang='lat' dir='ltr'>extensior</span> <span class='ocrx_word' id='word_1_73' title='bbox 1200 550 1318 586; x_wconf 88' lang='lat' dir='ltr'>quam</span> <span class='ocrx_word' id='word_1_74' title='bbox 1365 537 1595 574; x_wconf 87' lang='lat' dir='ltr'>iurisdiccio</span> <span class='ocrx_word' id='word_1_75' title='bbox 1641 536 1805 574; x_wconf 86' lang='lat' dir='ltr'>civiliter</span> 
     </span>
     <span class='ocr_line' id='line_1_26' title="bbox 500 594 1839 644; baseline -0.004 -9"><span class='ocrx_word' id='word_1_76' title='bbox 500 598 756 635; x_wconf 85' lang='lat' dir='ltr'>dominantis.</span> <span class='ocrx_word' id='word_1_77' title='bbox 809 600 866 633; x_wconf 92' lang='lat' dir='ltr'>De</span> <span class='ocrx_word' id='word_1_78' title='bbox 904 597 980 633; x_wconf 90' lang='lat' dir='ltr'>isto</span> <span class='ocrx_word' id='word_1_79' title='bbox 1019 609 1088 644; x_wconf 88' lang='lat' dir='ltr'>per</span> <span class='ocrx_word' id='word_1_80' title='bbox 1122 596 1194 632; x_wconf 91' lang='lat' dir='ltr'>Dei</span> <span class='ocrx_word' id='word_1_81' title='bbox 1228 595 1404 643; x_wconf 85' lang='lat' dir='ltr'>graciam</span> <span class='ocrx_word' id='word_1_82' title='bbox 1440 595 1511 631; x_wconf 87' lang='lat' dir='ltr'>erit</span> <span class='ocrx_word' id='word_1_83' title='bbox 1546 594 1642 631; x_wconf 86' lang='lat' dir='ltr'>alias</span> <span class='ocrx_word' id='word_1_84' title='bbox 1675 597 1839 631; x_wconf 79' lang='lat' dir='ltr'>sermo5</span> 
     </span>
     <span class='ocr_line' id='line_1_27' title="bbox 499 656 691 694; baseline 0.01 -2"><span class='ocrx_word' id='word_1_85' title='bbox 499 656 691 694; x_wconf 88' lang='lat' dir='ltr'>diffusior.</span> 
     </span>
    </p>

    <p class='ocr_par' dir='ltr' id='par_1_7' title="bbox 496 710 1874 818">
     <span class='ocr_line' id='line_1_28' title="bbox 555 710 1874 760; baseline -0.003 -12"><span class='ocrx_word' id='word_1_86' title='bbox 555 713 755 750; x_wconf 90' lang='lat' dir='ltr'>Vicesimo</span> <span class='ocrx_word' id='word_1_87' title='bbox 790 711 920 760; x_wconf 89' lang='lat' dir='ltr'>primo</span> <span class='ocrx_word' id='word_1_88' title='bbox 954 711 1009 748; x_wconf 90' lang='lat' dir='ltr'>sic</span> <span class='ocrx_word' id='word_1_89' title='bbox 1043 711 1243 759; x_wconf 81' lang='lat' dir='ltr'>arguitur:</span> <span class='ocrx_word' id='word_1_90' title='bbox 1278 710 1319 747; x_wconf 81' lang='lat' dir='ltr'>Si</span> <span class='ocrx_word' id='word_1_91' title='bbox 1352 723 1395 747; x_wconf 85' lang='lat' dir='ltr'>ex</span> <span class='ocrx_word' id='word_1_92' title='bbox 1418 710 1669 758; x_wconf 86' lang='lat' dir='ltr'>perfeccione</span> <span class='ocrx_word' id='word_1_93' title='bbox 1693 722 1807 746; x_wconf 85' lang='lat' dir='ltr'>evan-</span> <span class='ocrx_word' id='word_1_94' title='bbox 1849 713 1874 743; x_wconf 90' lang='lat' dir='ltr'><strong>C</strong></span> 
     </span>
     <span class='ocr_line' id='line_1_29' title="bbox 496 767 1806 818; baseline -0.004 -10"><span class='ocrx_word' id='word_1_95' title='bbox 496 771 622 818; x_wconf 86' lang='lat' dir='ltr'>gelica</span> <span class='ocrx_word' id='word_1_96' title='bbox 656 783 795 807; x_wconf 88' lang='lat' dir='ltr'>omnes</span> <span class='ocrx_word' id='word_1_97' title='bbox 828 769 961 806; x_wconf 87' lang='lat' dir='ltr'>clerici</span> <span class='ocrx_word' id='word_1_98' title='bbox 994 778 1179 805; x_wconf 86' lang='lat' dir='ltr'>tenentur</span> <span class='ocrx_word' id='word_1_99' title='bbox 1203 768 1440 805; x_wconf 89' lang='lat' dir='ltr'>renunciare</span> <span class='ocrx_word' id='word_1_100' title='bbox 1475 768 1579 805; x_wconf 91' lang='lat' dir='ltr'>civili</span> <span class='ocrx_word' id='word_1_101' title='bbox 1615 767 1806 812; x_wconf 87' lang='lat' dir='ltr'>dominio,</span> 
     </span>
    </p>

    <p class='ocr_par' dir='ltr' id='par_1_8' title="bbox 499 826 1867 1281">
     <span class='ocr_line' id='line_1_30' title="bbox 499 826 1806 877; baseline -0.003 -12"><span class='ocrx_word' id='word_1_102' title='bbox 499 842 519 865; x_wconf 89' lang='lat' dir='ltr'>a</span> <span class='ocrx_word' id='word_1_103' title='bbox 564 828 650 877; x_wconf 89' lang='lat' dir='ltr'>pari</span> <span class='ocrx_word' id='word_1_104' title='bbox 702 837 739 865; x_wconf 92' lang='lat' dir='ltr'>et</span> <span class='ocrx_word' id='word_1_105' title='bbox 784 827 971 864; x_wconf 88' lang='lat' dir='ltr'>omnibus</span> <span class='ocrx_word' id='word_1_106' title='bbox 1022 826 1233 863; x_wconf 88' lang='lat' dir='ltr'>mundanis</span> <span class='ocrx_word' id='word_1_107' title='bbox 1281 826 1513 872; x_wconf 84' lang='lat' dir='ltr'>honoribus,</span> <span class='ocrx_word' id='word_1_108' title='bbox 1572 838 1661 862; x_wconf 89' lang='lat' dir='ltr'>cum</span> <span class='ocrx_word' id='word_1_109' title='bbox 1707 837 1806 873; x_wconf 86' lang='lat' dir='ltr'>eque</span> 
     </span>
     <span class='ocr_line' id='line_1_31' title="bbox 500 883 1865 932; baseline -0.004 -9"><span class='ocrx_word' id='word_1_110' title='bbox 500 887 684 923; x_wconf 86' lang='lat' dir='ltr'>distrahit</span> <span class='ocrx_word' id='word_1_111' title='bbox 730 899 751 922; x_wconf 91' lang='lat' dir='ltr'>a</span> <span class='ocrx_word' id='word_1_112' title='bbox 797 885 904 922; x_wconf 90' lang='lat' dir='ltr'>cultu</span> <span class='ocrx_word' id='word_1_113' title='bbox 956 884 1089 921; x_wconf 87' lang='lat' dir='ltr'>divino</span> <span class='ocrx_word' id='word_1_114' title='bbox 1129 884 1360 932; x_wconf 88' lang='lat' dir='ltr'>temporalis</span> <span class='ocrx_word' id='word_1_115' title='bbox 1400 884 1563 920; x_wconf 88' lang='lat' dir='ltr'>honoris</span> <span class='ocrx_word' id='word_1_116' title='bbox 1610 883 1865 931; x_wconf 81' lang='lat' dir='ltr'>cupiditasio</span> 
     </span>
     <span class='ocr_line' id='line_1_32' title="bbox 500 942 1808 992; baseline -0.002 -12"><span class='ocrx_word' id='word_1_117' title='bbox 500 946 600 981; x_wconf 89' lang='lat' dir='ltr'>sicut</span> <span class='ocrx_word' id='word_1_118' title='bbox 635 943 829 992; x_wconf 87' lang='lat' dir='ltr'>cupiditas</span> <span class='ocrx_word' id='word_1_119' title='bbox 864 942 987 979; x_wconf 89' lang='lat' dir='ltr'>civilis</span> <span class='ocrx_word' id='word_1_120' title='bbox 1022 942 1204 988; x_wconf 85' lang='lat' dir='ltr'>dominii,</span> <span class='ocrx_word' id='word_1_121' title='bbox 1251 954 1498 990; x_wconf 85' lang='lat' dir='ltr'>consequens</span> <span class='ocrx_word' id='word_1_122' title='bbox 1532 950 1671 979; x_wconf 80' lang='lat' dir='ltr'>contra</span> <span class='ocrx_word' id='word_1_123' title='bbox 1702 942 1808 989; x_wconf 87' lang='lat' dir='ltr'>Apo-</span> 
     </span>
     <span class='ocr_line' id='line_1_33' title="bbox 500 1000 1811 1050; baseline -0.003 -12"><span class='ocrx_word' id='word_1_124' title='bbox 500 1003 646 1038; x_wconf 87' lang='lat' dir='ltr'>stolum</span> <span class='ocrx_word' id='word_1_125' title='bbox 681 1002 877 1038; x_wconf 86' lang='lat' dir='ltr'>dicentem</span> <span class='ocrx_word' id='word_1_126' title='bbox 913 1002 976 1050; x_wconf 79' lang='lat' dir='ltr'>qui</span> <span class='ocrx_word' id='word_1_127' title='bbox 1008 1001 1267 1050; x_wconf 76' lang='lat' dir='ltr'>episcopatmn</span> <span class='ocrx_word' id='word_1_128' title='bbox 1302 1000 1513 1050; x_wconf 76' lang='lat' dir='ltr'>desiderat,</span> <span class='ocrx_word' id='word_1_129' title='bbox 1547 1001 1683 1036; x_wconf 76' lang='lat' dir='ltr'>bonurn</span> <span class='ocrx_word' id='word_1_130' title='bbox 1717 1011 1811 1048; x_wconf 81' lang='lat' dir='ltr'>opus</span> 
     </span>
     <span class='ocr_line' id='line_1_34' title="bbox 501 1057 1810 1104; baseline -0.002 -8"><span class='ocrx_word' id='word_1_131' title='bbox 501 1061 709 1096; x_wconf 77' lang='lat' dir='ltr'>desiderat.</span> <span class='ocrx_word' id='word_1_132' title='bbox 764 1059 837 1095; x_wconf 91' lang='lat' dir='ltr'>Hic</span> <span class='ocrx_word' id='word_1_133' title='bbox 872 1058 1038 1095; x_wconf 86' lang='lat' dir='ltr'>concedi</span> <span class='ocrx_word' id='word_1_134' title='bbox 1078 1060 1194 1095; x_wconf 85' lang='lat' dir='ltr'>debet</span> <span class='ocrx_word' id='word_1_135' title='bbox 1240 1057 1456 1104; x_wconf 81' lang='lat' dir='ltr'>conclusio,</span> <span class='ocrx_word' id='word_1_136' title='bbox 1502 1067 1546 1094; x_wconf 91' lang='lat' dir='ltr'>ut</span> <span class='ocrx_word' id='word_1_137' title='bbox 1585 1058 1810 1094; x_wconf 86' lang='lat' dir='ltr'>declaratur</span> 
     </span>
     <span class='ocr_line' id='line_1_35' title="bbox 501 1116 1810 1166; baseline -0.002 -13"><span class='ocrx_word' id='word_1_138' title='bbox 501 1118 643 1155; x_wconf 84' lang='lat' dir='ltr'>diffuse</span> <span class='ocrx_word' id='word_1_139' title='bbox 676 1117 859 1162; x_wconf 85' lang='lat' dir='ltr'>inferius;</span> <span class='ocrx_word' id='word_1_140' title='bbox 913 1129 984 1153; x_wconf 88' lang='lat' dir='ltr'>nec</span> <span class='ocrx_word' id='word_1_141' title='bbox 1018 1116 1164 1166; x_wconf 82' lang='lat' dir='ltr'>obviat,</span> <span class='ocrx_word' id='word_1_142' title='bbox 1205 1117 1272 1153; x_wconf 89' lang='lat' dir='ltr'>sed</span> <span class='ocrx_word' id='word_1_143' title='bbox 1306 1124 1500 1152; x_wconf 87' lang='lat' dir='ltr'>consonat</span> <span class='ocrx_word' id='word_1_144' title='bbox 1534 1116 1684 1152; x_wconf 90' lang='lat' dir='ltr'>dictum</span> <span class='ocrx_word' id='word_1_145' title='bbox 1716 1127 1810 1163; x_wconf 90' lang='lat' dir='ltr'>apo-</span> 
     </span>
     <span class='ocr_line' id='line_1_36' title="bbox 500 1172 1867 1223; baseline -0.003 -12"><span class='ocrx_word' id='word_1_146' title='bbox 500 1176 590 1212; x_wconf 89' lang='lat' dir='ltr'>stoli</span> <span class='ocrx_word' id='word_1_147' title='bbox 634 1175 800 1212; x_wconf 86' lang='lat' dir='ltr'>dicentis</span> <span class='ocrx_word' id='word_1_148' title='bbox 840 1176 948 1223; x_wconf 92' lang='lat' dir='ltr'>quod</span> <span class='ocrx_word' id='word_1_149' title='bbox 1000 1173 1185 1211; x_wconf 91' lang='lat' dir='ltr'>condicio</span> <span class='ocrx_word' id='word_1_150' title='bbox 1224 1173 1402 1222; x_wconf 85' lang='lat' dir='ltr'>episcopi</span> <span class='ocrx_word' id='word_1_151' title='bbox 1442 1182 1498 1210; x_wconf 86' lang='lat' dir='ltr'>est</span> <span class='ocrx_word' id='word_1_152' title='bbox 1549 1172 1867 1222; x_wconf 78' lang='lat' dir='ltr'>spiritualiter15</span> 
     </span>
     <span class='ocr_line' id='line_1_37' title="bbox 500 1232 1343 1281; baseline -0.001 -12"><span class='ocrx_word' id='word_1_153' title='bbox 500 1233 658 1281; x_wconf 88' lang='lat' dir='ltr'>operari</span> <span class='ocrx_word' id='word_1_154' title='bbox 692 1242 729 1269; x_wconf 90' lang='lat' dir='ltr'>et</span> <span class='ocrx_word' id='word_1_155' title='bbox 761 1246 842 1270; x_wconf 90' lang='lat' dir='ltr'>non</span> <span class='ocrx_word' id='word_1_156' title='bbox 875 1232 1108 1269; x_wconf 81' lang='lat' dir='ltr'>seculariter</span> <span class='ocrx_word' id='word_1_157' title='bbox 1140 1232 1343 1268; x_wconf 89' lang='lat' dir='ltr'>honorari.</span> 
     </span>
    </p>

    <p class='ocr_par' dir='ltr' id='par_1_9' title="bbox 500 1288 1915 1964">
     <span class='ocr_line' id='line_1_38' title="bbox 556 1288 1811 1338; baseline -0.002 -12"><span class='ocrx_word' id='word_1_158' title='bbox 556 1291 756 1328; x_wconf 87' lang='lat' dir='ltr'>Vicesimo</span> <span class='ocrx_word' id='word_1_159' title='bbox 800 1292 976 1327; x_wconf 89' lang='lat' dir='ltr'>secundo</span> <span class='ocrx_word' id='word_1_160' title='bbox 1021 1289 1076 1326; x_wconf 89' lang='lat' dir='ltr'>sic</span> <span class='ocrx_word' id='word_1_161' title='bbox 1122 1290 1322 1338; x_wconf 82' lang='lat' dir='ltr'>arguitur:</span> <span class='ocrx_word' id='word_1_162' title='bbox 1368 1292 1457 1326; x_wconf 92' lang='lat' dir='ltr'>Non</span> <span class='ocrx_word' id='word_1_163' title='bbox 1501 1289 1657 1326; x_wconf 86' lang='lat' dir='ltr'>videtur</span> <span class='ocrx_word' id='word_1_164' title='bbox 1702 1288 1811 1325; x_wconf 89' lang='lat' dir='ltr'>racio</span> 
     </span>
     <span class='ocr_line' id='line_1_39' title="bbox 501 1346 1808 1397; baseline -0.002 -12"><span class='ocrx_word' id='word_1_165' title='bbox 501 1362 623 1397; x_wconf 87' lang='lat' dir='ltr'>quare</span> <span class='ocrx_word' id='word_1_166' title='bbox 657 1348 886 1385; x_wconf 86' lang='lat' dir='ltr'>dominacio</span> <span class='ocrx_word' id='word_1_167' title='bbox 920 1348 1044 1384; x_wconf 91' lang='lat' dir='ltr'>civilis</span> <span class='ocrx_word' id='word_1_168' title='bbox 1067 1356 1266 1396; x_wconf 85' lang='lat' dir='ltr'>repugnat</span> <span class='ocrx_word' id='word_1_169' title='bbox 1291 1348 1456 1394; x_wconf 88' lang='lat' dir='ltr'>clericis,</span> <span class='ocrx_word' id='word_1_170' title='bbox 1491 1347 1587 1396; x_wconf 91' lang='lat' dir='ltr'>quin</span> <span class='ocrx_word' id='word_1_171' title='bbox 1613 1359 1681 1395; x_wconf 90' lang='lat' dir='ltr'>per</span> <span class='ocrx_word' id='word_1_172' title='bbox 1704 1346 1808 1382; x_wconf 89' lang='lat' dir='ltr'>idem</span> 
     </span>
     <span class='ocr_line' id='line_1_40' title="bbox 501 1405 1810 1455; baseline -0.002 -12"><span class='ocrx_word' id='word_1_173' title='bbox 501 1407 750 1455; x_wconf 86' lang='lat' dir='ltr'>dispensacio</span> <span class='ocrx_word' id='word_1_174' title='bbox 796 1406 1080 1454; x_wconf 85' lang='lat' dir='ltr'>temporalium</span> <span class='ocrx_word' id='word_1_175' title='bbox 1128 1414 1325 1454; x_wconf 83' lang='lat' dir='ltr'>repugnat</span> <span class='ocrx_word' id='word_1_176' title='bbox 1374 1405 1517 1451; x_wconf 85' lang='lat' dir='ltr'>eidem,</span> <span class='ocrx_word' id='word_1_177' title='bbox 1565 1418 1655 1441; x_wconf 90' lang='lat' dir='ltr'>cum</span> <span class='ocrx_word' id='word_1_178' title='bbox 1701 1413 1810 1440; x_wconf 87' lang='lat' dir='ltr'>tanta</span> 
     </span>
     <span class='ocr_line' id='line_1_41' title="bbox 500 1463 1870 1511; baseline -0.004 -10"><span class='ocrx_word' id='word_1_179' title='bbox 500 1464 728 1501; x_wconf 89' lang='lat' dir='ltr'>sollicitudo</span> <span class='ocrx_word' id='word_1_180' title='bbox 762 1464 811 1501; x_wconf 87' lang='lat' dir='ltr'>sit</span> <span class='ocrx_word' id='word_1_181' title='bbox 845 1464 949 1500; x_wconf 87' lang='lat' dir='ltr'>circa</span> <span class='ocrx_word' id='word_1_182' title='bbox 983 1463 1341 1511; x_wconf 82' lang='lat' dir='ltr'>congregacionem</span> <span class='ocrx_word' id='word_1_183' title='bbox 1379 1463 1740 1511; x_wconf 85' lang='lat' dir='ltr'>dispensandorum</span> <span class='ocrx_word' id='word_1_184' title='bbox 1775 1471 1811 1498; x_wconf 90' lang='lat' dir='ltr'>et</span> <span class='ocrx_word' id='word_1_185' title='bbox 1829 1475 1870 1496; x_wconf 83' lang='lat'>20</span> 
     </span>
     <span class='ocr_line' id='line_1_42' title="bbox 500 1520 1811 1571; baseline -0.002 -12"><span class='ocrx_word' id='word_1_186' title='bbox 500 1523 604 1559; x_wconf 90' lang='lat' dir='ltr'>circa</span> <span class='ocrx_word' id='word_1_187' title='bbox 639 1523 766 1571; x_wconf 89' lang='lat' dir='ltr'>ipsam</span> <span class='ocrx_word' id='word_1_188' title='bbox 801 1521 1148 1570; x_wconf 85' lang='lat' dir='ltr'>dispensacionem</span> <span class='ocrx_word' id='word_1_189' title='bbox 1195 1530 1231 1558; x_wconf 89' lang='lat' dir='ltr'>et</span> <span class='ocrx_word' id='word_1_190' title='bbox 1260 1531 1369 1558; x_wconf 89' lang='lat' dir='ltr'>tanta</span> <span class='ocrx_word' id='word_1_191' title='bbox 1410 1520 1624 1558; x_wconf 86' lang='lat' dir='ltr'>distraccio</span> <span class='ocrx_word' id='word_1_192' title='bbox 1668 1533 1688 1557; x_wconf 92' lang='lat' dir='ltr'>a</span> <span class='ocrx_word' id='word_1_193' title='bbox 1732 1520 1811 1556; x_wconf 89' lang='lat' dir='ltr'>vita</span> 
     </span>
     <span class='ocr_line' id='line_1_43' title="bbox 503 1578 1811 1628; baseline -0.002 -11"><span class='ocrx_word' id='word_1_194' title='bbox 503 1580 824 1628; x_wconf 84' lang='lat' dir='ltr'>contemplativa,</span> <span class='ocrx_word' id='word_1_195' title='bbox 860 1580 961 1617; x_wconf 88' lang='lat' dir='ltr'>sicut</span> <span class='ocrx_word' id='word_1_196' title='bbox 993 1579 1093 1616; x_wconf 86' lang='lat' dir='ltr'>foret</span> <span class='ocrx_word' id='word_1_197' title='bbox 1128 1579 1230 1616; x_wconf 86' lang='lat' dir='ltr'>circa</span> <span class='ocrx_word' id='word_1_198' title='bbox 1265 1592 1401 1616; x_wconf 84' lang='lat' dir='ltr'>eorum</span> <span class='ocrx_word' id='word_1_199' title='bbox 1438 1578 1551 1615; x_wconf 89' lang='lat' dir='ltr'>civile</span> <span class='ocrx_word' id='word_1_200' title='bbox 1575 1578 1811 1621; x_wconf 90' lang='lat' dir='ltr'>dominium,</span> 
     </span>
     <span class='ocr_line' id='line_1_44' title="bbox 501 1635 1813 1686; baseline -0.002 -12"><span class='ocrx_word' id='word_1_201' title='bbox 501 1651 637 1686; x_wconf 90' lang='lat' dir='ltr'>ymmo</span> <span class='ocrx_word' id='word_1_202' title='bbox 683 1647 805 1675; x_wconf 91' lang='lat' dir='ltr'>staret</span> <span class='ocrx_word' id='word_1_203' title='bbox 852 1637 963 1674; x_wconf 88' lang='lat' dir='ltr'>civile</span> <span class='ocrx_word' id='word_1_204' title='bbox 1003 1637 1227 1674; x_wconf 88' lang='lat' dir='ltr'>dominium</span> <span class='ocrx_word' id='word_1_205' title='bbox 1269 1650 1351 1674; x_wconf 88' lang='lat' dir='ltr'>esse</span> <span class='ocrx_word' id='word_1_206' title='bbox 1390 1637 1429 1673; x_wconf 87' lang='lat' dir='ltr'>in</span> <span class='ocrx_word' id='word_1_207' title='bbox 1467 1649 1640 1685; x_wconf 85' lang='lat' dir='ltr'>persona</span> <span class='ocrx_word' id='word_1_208' title='bbox 1680 1635 1813 1684; x_wconf 88' lang='lat' dir='ltr'>aliqua</span> 
     </span>
     <span class='ocr_line' id='line_1_45' title="bbox 504 1695 1811 1744; baseline -0.002 -12"><span class='ocrx_word' id='word_1_209' title='bbox 504 1709 593 1732; x_wconf 90' lang='lat' dir='ltr'>curn</span> <span class='ocrx_word' id='word_1_210' title='bbox 642 1705 1003 1744; x_wconf 87' lang='lat' dir='ltr'>quantumcunque</span> <span class='ocrx_word' id='word_1_211' title='bbox 1050 1695 1398 1743; x_wconf 87' lang='lat' dir='ltr'>contemplacione</span> <span class='ocrx_word' id='word_1_212' title='bbox 1440 1695 1638 1731; x_wconf 85' lang='lat' dir='ltr'>intensiva</span> <span class='ocrx_word' id='word_1_213' title='bbox 1677 1702 1713 1730; x_wconf 88' lang='lat' dir='ltr'>et</span> <span class='ocrx_word' id='word_1_214' title='bbox 1753 1706 1811 1730; x_wconf 87' lang='lat' dir='ltr'>ex-</span> 
     </span>
     <span class='ocr_line' id='line_1_46' title="bbox 502 1750 1915 1805; baseline -0.003 -15"><span class='ocrx_word' id='word_1_215' title='bbox 502 1754 668 1800; x_wconf 85' lang='lat' dir='ltr'>tensiva,</span> <span class='ocrx_word' id='word_1_216' title='bbox 703 1755 923 1790; x_wconf 89' lang='lat' dir='ltr'>dummodo</span> <span class='ocrx_word' id='word_1_217' title='bbox 953 1750 957 1805; x_wconf 78' lang='grc' dir='ltr'>Ι</span> <span class='ocrx_word' id='word_1_218' title='bbox 986 1754 1149 1790; x_wconf 89' lang='lat' dir='ltr'>haberet</span> <span class='ocrx_word' id='word_1_219' title='bbox 1166 1755 1236 1789; x_wconf 89' lang='lat' dir='ltr'>sub</span> <span class='ocrx_word' id='word_1_220' title='bbox 1267 1766 1306 1790; x_wconf 90' lang='lat' dir='ltr'>se</span> <span class='ocrx_word' id='word_1_221' title='bbox 1333 1752 1535 1790; x_wconf 88' lang='lat' dir='ltr'>ministros</span> <span class='ocrx_word' id='word_1_222' title='bbox 1559 1755 1683 1789; x_wconf 91' lang='lat' dir='ltr'>bonos</span> <span class='ocrx_word' id='word_1_223' title='bbox 1708 1753 1814 1800; x_wconf 93' lang='lat' dir='ltr'>quod</span> <span class='ocrx_word' id='word_1_224' title='bbox 1857 1754 1915 1787; x_wconf 69' lang='lat'>153</span> 
     </span>
     <span class='ocr_line' id='line_1_47' title="bbox 501 1809 1812 1859; baseline -0.002 -11"><span class='ocrx_word' id='word_1_225' title='bbox 501 1825 581 1848; x_wconf 91' lang='lat' dir='ltr'>non</span> <span class='ocrx_word' id='word_1_226' title='bbox 625 1820 705 1848; x_wconf 87' lang='lat' dir='ltr'>stat</span> <span class='ocrx_word' id='word_1_227' title='bbox 744 1825 833 1848; x_wconf 90' lang='lat' dir='ltr'>cum</span> <span class='ocrx_word' id='word_1_228' title='bbox 867 1811 1151 1859; x_wconf 87' lang='lat' dir='ltr'>temporalium</span> <span class='ocrx_word' id='word_1_229' title='bbox 1186 1811 1503 1859; x_wconf 85' lang='lat' dir='ltr'>dispensacione.</span> <span class='ocrx_word' id='word_1_230' title='bbox 1558 1811 1659 1847; x_wconf 92' lang='lat' dir='ltr'>Cum</span> <span class='ocrx_word' id='word_1_231' title='bbox 1695 1809 1812 1858; x_wconf 84' lang='lat' dir='ltr'>igitur</span> 
     </span>
     <span class='ocr_line' id='line_1_48' title="bbox 501 1867 1812 1918; baseline -0.002 -12"><span class='ocrx_word' id='word_1_232' title='bbox 501 1869 752 1918; x_wconf 86' lang='lat' dir='ltr'>dispensacio</span> <span class='ocrx_word' id='word_1_233' title='bbox 787 1869 971 1906; x_wconf 86' lang='lat' dir='ltr'>convenit</span> <span class='ocrx_word' id='word_1_234' title='bbox 1004 1869 1124 1906; x_wconf 90' lang='lat' dir='ltr'>statui</span> <span class='ocrx_word' id='word_1_235' title='bbox 1159 1869 1345 1915; x_wconf 82' lang='lat' dir='ltr'>clericali,</span> <span class='ocrx_word' id='word_1_236' title='bbox 1382 1869 1506 1905; x_wconf 85' lang='lat' dir='ltr'>multo</span> <span class='ocrx_word' id='word_1_237' title='bbox 1541 1868 1667 1916; x_wconf 88' lang='lat' dir='ltr'>magis</span> <span class='ocrx_word' id='word_1_238' title='bbox 1702 1867 1812 1904; x_wconf 86' lang='lat' dir='ltr'>civile</span> 
     </span>
     <span class='ocr_line' id='line_1_49' title="bbox 501 1927 739 1964; baseline -0.004 0"><span class='ocrx_word' id='word_1_239' title='bbox 501 1927 739 1964; x_wconf 85' lang='lat' dir='ltr'>dominium.</span> 
     </span>
    </p>

    <p class='ocr_par' dir='ltr' id='par_1_10' title="bbox 498 1983 1868 2611">
     <span class='ocr_line' id='line_1_50' title="bbox 560 1983 1811 2033; baseline 0 -13"><span class='ocrx_word' id='word_1_240' title='bbox 560 1985 633 2022; x_wconf 80' lang='lat' dir='ltr'>Hic</span> <span class='ocrx_word' id='word_1_241' title='bbox 677 1987 903 2033; x_wconf 88' lang='lat' dir='ltr'>respondeo</span> <span class='ocrx_word' id='word_1_242' title='bbox 942 1986 1126 2033; x_wconf 85' lang='lat' dir='ltr'>negando</span> <span class='ocrx_word' id='word_1_243' title='bbox 1166 1993 1429 2032; x_wconf 79' lang='lat' dir='ltr'>assumptum,</span> <span class='ocrx_word' id='word_1_244' title='bbox 1481 1997 1570 2021; x_wconf 88' lang='lat' dir='ltr'>cum</span> <span class='ocrx_word' id='word_1_245' title='bbox 1612 1997 1633 2021; x_wconf 86' lang='lat' dir='ltr'>a</span> <span class='ocrx_word' id='word_1_246' title='bbox 1667 1983 1811 2021; x_wconf 91' lang='lat' dir='ltr'>clerico</span> 
     </span>
     <span class='ocr_line' id='line_1_51' title="bbox 503 2041 1868 2091; baseline -0.001 -13"><span class='ocrx_word' id='word_1_247' title='bbox 503 2043 556 2088; x_wconf 89' lang='lat' dir='ltr'>(in</span> <span class='ocrx_word' id='word_1_248' title='bbox 590 2051 786 2091; x_wconf 84' lang='lat' dir='ltr'>quantum</span> <span class='ocrx_word' id='word_1_249' title='bbox 820 2042 1068 2090; x_wconf 90' lang='lat' dir='ltr'>huiusmodi)</span> <span class='ocrx_word' id='word_1_250' title='bbox 1102 2043 1325 2079; x_wconf 85' lang='lat' dir='ltr'>excluditur</span> <span class='ocrx_word' id='word_1_251' title='bbox 1356 2043 1494 2079; x_wconf 89' lang='lat' dir='ltr'>sordes</span> <span class='ocrx_word' id='word_1_252' title='bbox 1524 2041 1808 2090; x_wconf 84' lang='lat' dir='ltr'>temporalium</span> <span class='ocrx_word' id='word_1_253' title='bbox 1828 2046 1868 2076; x_wconf 69' lang='lat'>30</span> 
     </span>
     <span class='ocr_line' id='line_1_52' title="bbox 501 2099 1812 2149; baseline -0.001 -12"><span class='ocrx_word' id='word_1_254' title='bbox 501 2102 634 2149; x_wconf 90' lang='lat' dir='ltr'>quoad</span> <span class='ocrx_word' id='word_1_255' title='bbox 669 2101 822 2137; x_wconf 88' lang='lat' dir='ltr'>civilem</span> <span class='ocrx_word' id='word_1_256' title='bbox 841 2100 1142 2148; x_wconf 86' lang='lat' dir='ltr'>proprietatem,</span> <span class='ocrx_word' id='word_1_257' title='bbox 1177 2110 1219 2137; x_wconf 88' lang='lat' dir='ltr'>ut</span> <span class='ocrx_word' id='word_1_258' title='bbox 1253 2101 1369 2137; x_wconf 89' lang='lat' dir='ltr'>docet</span> <span class='ocrx_word' id='word_1_259' title='bbox 1392 2099 1619 2138; x_wconf 85' lang='lat' dir='ltr'>Jeronirnus</span> <span class='ocrx_word' id='word_1_260' title='bbox 1643 2100 1812 2148; x_wconf 88' lang='lat' dir='ltr'>epistola</span> 
     </span>
     <span class='ocr_line' id='line_1_53' title="bbox 499 2158 1808 2206; baseline -0.001 -11"><span class='ocrx_word' id='word_1_261' title='bbox 499 2160 659 2195; x_wconf 85' lang='lat' dir='ltr'>XXXIV</span> <span class='ocrx_word' id='word_1_262' title='bbox 704 2160 753 2195; x_wconf 90' lang='lat' dir='ltr'>ad</span> <span class='ocrx_word' id='word_1_263' title='bbox 797 2158 1073 2206; x_wconf 88' lang='lat' dir='ltr'>Nepocianum</span> <span class='ocrx_word' id='word_1_264' title='bbox 1120 2167 1157 2194; x_wconf 87' lang='lat' dir='ltr'>et</span> <span class='ocrx_word' id='word_1_265' title='bbox 1197 2158 1365 2206; x_wconf 89' lang='lat' dir='ltr'>epistola</span> <span class='ocrx_word' id='word_1_266' title='bbox 1405 2159 1539 2194; x_wconf 90' lang='lat' dir='ltr'>CXXII</span> <span class='ocrx_word' id='word_1_267' title='bbox 1573 2159 1622 2194; x_wconf 91' lang='lat' dir='ltr'>ad</span> <span class='ocrx_word' id='word_1_268' title='bbox 1669 2159 1808 2194; x_wconf 79' lang='lat' dir='ltr'>Fama-</span> 
     </span>
     <span class='ocr_line' id='line_1_54' title="bbox 501 2216 1809 2266; baseline 0 -14"><span class='ocrx_word' id='word_1_269' title='bbox 501 2216 646 2261; x_wconf 88' lang='lat' dir='ltr'>chium,</span> <span class='ocrx_word' id='word_1_270' title='bbox 682 2226 719 2253; x_wconf 89' lang='lat' dir='ltr'>et</span> <span class='ocrx_word' id='word_1_271' title='bbox 752 2218 858 2253; x_wconf 91' lang='lat' dir='ltr'>Luce</span> <span class='ocrx_word' id='word_1_272' title='bbox 880 2217 995 2260; x_wconf 87' lang='lat' dir='ltr'>XXII,</span> <span class='ocrx_word' id='word_1_273' title='bbox 1032 2227 1096 2264; x_wconf 87' lang='lat'>25,</span> <span class='ocrx_word' id='word_1_274' title='bbox 1132 2216 1182 2253; x_wconf 83' lang='lat'>26</span> <span class='ocrx_word' id='word_1_275' title='bbox 1217 2217 1332 2253; x_wconf 90' lang='lat' dir='ltr'>docet</span> <span class='ocrx_word' id='word_1_276' title='bbox 1351 2216 1533 2253; x_wconf 87' lang='lat' dir='ltr'>Salvator</span> <span class='ocrx_word' id='word_1_277' title='bbox 1555 2218 1662 2264; x_wconf 91' lang='lat' dir='ltr'>quod</span> <span class='ocrx_word' id='word_1_278' title='bbox 1696 2228 1809 2266; x_wconf 75' lang='lat' dir='ltr'>reges</span> 
     </span>
     <span class='ocr_line' id='line_1_55' title="bbox 498 2274 1808 2324; baseline -0.001 -14"><span class='ocrx_word' id='word_1_279' title='bbox 498 2275 676 2324; x_wconf 78' lang='lat' dir='ltr'>gencium</span> <span class='ocrx_word' id='word_1_280' title='bbox 720 2275 967 2310; x_wconf 74' lang='lat' dir='ltr'>dominantur</span> <span class='ocrx_word' id='word_1_281' title='bbox 1006 2286 1137 2310; x_wconf 79' lang='lat' dir='ltr'>eorum</span> <span class='ocrx_word' id='word_1_282' title='bbox 1176 2275 1244 2311; x_wconf 81' lang='lat' dir='ltr'>sed</span> <span class='ocrx_word' id='word_1_283' title='bbox 1282 2274 1413 2311; x_wconf 83' lang='lat' dir='ltr'>clerici</span> <span class='ocrx_word' id='word_1_284' title='bbox 1448 2275 1509 2310; x_wconf 81' lang='lat' dir='ltr'>sui</span> <span class='ocrx_word' id='word_1_285' title='bbox 1539 2286 1611 2310; x_wconf 84' lang='lat' dir='ltr'>non</span> <span class='ocrx_word' id='word_1_286' title='bbox 1644 2274 1710 2320; x_wconf 81' lang='lat' dir='ltr'>sic,</span> <span class='ocrx_word' id='word_1_287' title='bbox 1755 2274 1808 2309; x_wconf 88' lang='lat' dir='ltr'>ita</span> 
     </span>
     <span class='ocr_line' id='line_1_56' title="bbox 500 2331 1864 2383; baseline -0.001 -15"><span class='ocrx_word' id='word_1_288' title='bbox 500 2333 608 2380; x_wconf 89' lang='lat' dir='ltr'>quod</span> <span class='ocrx_word' id='word_1_289' title='bbox 640 2341 871 2380; x_wconf 86' lang='lat' dir='ltr'>preceptum</span> <span class='ocrx_word' id='word_1_290' title='bbox 907 2332 1068 2383; x_wconf 72' lang='lat' dir='ltr'>Christi7</span> <span class='ocrx_word' id='word_1_291' title='bbox 1109 2332 1291 2369; x_wconf 86' lang='lat' dir='ltr'>doctrina</span> <span class='ocrx_word' id='word_1_292' title='bbox 1331 2332 1604 2380; x_wconf 87' lang='lat' dir='ltr'>apostolorum</span> <span class='ocrx_word' id='word_1_293' title='bbox 1645 2341 1681 2368; x_wconf 87' lang='lat' dir='ltr'>et</span> <span class='ocrx_word' id='word_1_294' title='bbox 1719 2331 1864 2368; x_wconf 70' lang='lat' dir='ltr'>reli-35</span> 
     </span>
     <span class='ocr_line' id='line_1_57' title="bbox 500 2389 1808 2438; baseline -0.001 -12"><span class='ocrx_word' id='word_1_295' title='bbox 500 2390 704 2437; x_wconf 84' lang='lat' dir='ltr'>giosorum</span> <span class='ocrx_word' id='word_1_296' title='bbox 738 2403 811 2426; x_wconf 91' lang='lat' dir='ltr'>nos</span> <span class='ocrx_word' id='word_1_297' title='bbox 844 2390 1148 2438; x_wconf 89' lang='lat' dir='ltr'>precedencium</span> <span class='ocrx_word' id='word_1_298' title='bbox 1198 2399 1254 2426; x_wconf 87' lang='lat' dir='ltr'>est</span> <span class='ocrx_word' id='word_1_299' title='bbox 1288 2402 1406 2426; x_wconf 89' lang='lat' dir='ltr'>causa</span> <span class='ocrx_word' id='word_1_300' title='bbox 1439 2389 1640 2426; x_wconf 85' lang='lat' dir='ltr'>sufficiens</span> <span class='ocrx_word' id='word_1_301' title='bbox 1685 2402 1808 2438; x_wconf 88' lang='lat' dir='ltr'>quare</span> 
     </span>
     <span class='ocr_line' id='line_1_58' title="bbox 499 2447 1807 2494; baseline 0.001 -11"><span class='ocrx_word' id='word_1_302' title='bbox 499 2448 684 2484; x_wconf 89' lang='lat' dir='ltr'>illicitum</span> <span class='ocrx_word' id='word_1_303' title='bbox 718 2456 775 2484; x_wconf 88' lang='lat' dir='ltr'>est</span> <span class='ocrx_word' id='word_1_304' title='bbox 807 2461 878 2484; x_wconf 88' lang='lat' dir='ltr'>nos</span> <span class='ocrx_word' id='word_1_305' title='bbox 904 2447 1068 2484; x_wconf 85' lang='lat' dir='ltr'>clericos</span> <span class='ocrx_word' id='word_1_306' title='bbox 1094 2448 1261 2484; x_wconf 85' lang='lat' dir='ltr'>civiliter</span> <span class='ocrx_word' id='word_1_307' title='bbox 1286 2447 1497 2494; x_wconf 84' lang='lat' dir='ltr'>dominari,</span> <span class='ocrx_word' id='word_1_308' title='bbox 1531 2447 1632 2484; x_wconf 91' lang='lat' dir='ltr'>sicut</span> <span class='ocrx_word' id='word_1_309' title='bbox 1654 2447 1807 2484; x_wconf 87' lang='lat' dir='ltr'>vetacio</span> 
     </span>
     <span class='ocr_line' id='line_1_59' title="bbox 499 2505 1807 2554; baseline 0 -13"><span class='ocrx_word' id='word_1_310' title='bbox 499 2505 609 2553; x_wconf 91' lang='lat' dir='ltr'>pomi</span> <span class='ocrx_word' id='word_1_311' title='bbox 654 2505 762 2542; x_wconf 85' lang='lat' dir='ltr'>vetiti</span> <span class='ocrx_word' id='word_1_312' title='bbox 807 2506 880 2542; x_wconf 85' lang='lat' dir='ltr'>fuit</span> <span class='ocrx_word' id='word_1_313' title='bbox 929 2518 1048 2542; x_wconf 89' lang='lat' dir='ltr'>causa</span> <span class='ocrx_word' id='word_1_314' title='bbox 1089 2505 1289 2542; x_wconf 90' lang='lat' dir='ltr'>sufficiens</span> <span class='ocrx_word' id='word_1_315' title='bbox 1334 2518 1457 2554; x_wconf 84' lang='lat' dir='ltr'>quare</span> <span class='ocrx_word' id='word_1_316' title='bbox 1509 2505 1692 2542; x_wconf 88' lang='lat' dir='ltr'>illicitum</span> <span class='ocrx_word' id='word_1_317' title='bbox 1733 2505 1807 2541; x_wconf 82' lang='lat' dir='ltr'>fuit</span> 
     </span>
     <span class='ocr_line' id='line_1_60' title="bbox 499 2563 1806 2611; baseline 0 -12"><span class='ocrx_word' id='word_1_318' title='bbox 499 2563 639 2611; x_wconf 89' lang='lat' dir='ltr'>primis</span> <span class='ocrx_word' id='word_1_319' title='bbox 672 2563 904 2611; x_wconf 90' lang='lat' dir='ltr'>parentibus</span> <span class='ocrx_word' id='word_1_320' title='bbox 937 2564 985 2599; x_wconf 89' lang='lat' dir='ltr'>de</span> <span class='ocrx_word' id='word_1_321' title='bbox 1018 2564 1103 2611; x_wconf 88' lang='lat' dir='ltr'>ipso</span> <span class='ocrx_word' id='word_1_322' title='bbox 1137 2565 1367 2611; x_wconf 89' lang='lat' dir='ltr'>comedere;</span> <span class='ocrx_word' id='word_1_323' title='bbox 1400 2576 1473 2600; x_wconf 91' lang='lat' dir='ltr'>nec</span> <span class='ocrx_word' id='word_1_324' title='bbox 1507 2564 1696 2600; x_wconf 89' lang='lat' dir='ltr'>debemus</span> <span class='ocrx_word' id='word_1_325' title='bbox 1718 2575 1806 2611; x_wconf 86' lang='lat' dir='ltr'>pre-</span> 
     </span>
    </p>
   </div>
   <div class='ocr_carea' id='block_1_7' title="bbox 500 2707 1804 2855">
    <p class='ocr_par' dir='ltr' id='par_1_11' title="bbox 500 2707 1804 2855">
     <span class='ocr_line' id='line_1_61' title="bbox 569 2707 1804 2742; baseline 0.001 -8"><span class='ocrx_word' id='word_1_326' title='bbox 569 2716 589 2734; x_wconf 88' lang='lat' dir='ltr'>i.</span> <span class='ocrx_word' id='word_1_327' title='bbox 612 2707 707 2734; x_wconf 54' lang='grc' dir='ltr'>(ῥοὰς</span> <span class='ocrx_word' id='word_1_328' title='bbox 728 2708 914 2742; x_wconf 76' lang='lat' dir='ltr'>spirituales.</span> <span class='ocrx_word' id='word_1_329' title='bbox 971 2717 1008 2735; x_wconf 81' lang='lat'>21.</span> <span class='ocrx_word' id='word_1_330' title='bbox 1032 2707 1125 2735; x_wconf 82' lang='lat' dir='ltr'>Cod.:</span> <span class='ocrx_word' id='word_1_331' title='bbox 1148 2711 1177 2735; x_wconf 85' lang='lat' dir='ltr'>et</span> <span class='ocrx_word' id='word_1_332' title='bbox 1196 2709 1294 2742; x_wconf 83' lang='lat' dir='ltr'>deest;</span> <span class='ocrx_word' id='word_1_333' title='bbox 1316 2709 1355 2735; x_wconf 87' lang='lat' dir='ltr'>ib.</span> <span class='ocrx_word' id='word_1_334' title='bbox 1373 2709 1580 2736; x_wconf 77' lang='lat' dir='ltr'>dz&#39;slractacz&#39;o.</span> <span class='ocrx_word' id='word_1_335' title='bbox 1656 2715 1696 2734; x_wconf 64' lang='lat'>22.</span> <span class='ocrx_word' id='word_1_336' title='bbox 1718 2708 1804 2735; x_wconf 83' lang='lat' dir='ltr'>sicut.</span> 
     </span>
     <span class='ocr_line' id='line_1_62' title="bbox 500 2741 1023 2770; baseline 0.002 -1"><span class='ocrx_word' id='word_1_337' title='bbox 500 2742 594 2769; x_wconf 88' lang='lat' dir='ltr'>Cod.:</span> <span class='ocrx_word' id='word_1_338' title='bbox 615 2743 677 2769; x_wconf 25' lang='lat' dir='ltr'>sedi</span> <span class='ocrx_word' id='word_1_339' title='bbox 765 2741 810 2769; x_wconf 81' lang='lat'>30.</span> <span class='ocrx_word' id='word_1_340' title='bbox 831 2750 885 2770; x_wconf 78' lang='lat' dir='ltr'>sor</span> <span class='ocrx_word' id='word_1_341' title='bbox 904 2742 933 2769; x_wconf 88' lang='lat' dir='ltr'>in</span> <span class='ocrx_word' id='word_1_342' title='bbox 955 2743 1023 2770; x_wconf 91' lang='lat' dir='ltr'>cod.</span> 
     </span>
     <span class='ocr_line' id='line_1_63' title="bbox 572 2812 1803 2855; baseline 0 -9"><span class='ocrx_word' id='word_1_343' title='bbox 572 2814 599 2846; x_wconf 88' lang='grc'>5.</span> <span class='ocrx_word' id='word_1_344' title='bbox 636 2814 672 2845; x_wconf 89' lang='lat' dir='ltr'>In</span> <span class='ocrx_word' id='word_1_345' title='bbox 704 2818 848 2844; x_wconf 84' lang='lat' dir='ltr'>tractatu</span> <span class='ocrx_word' id='word_1_346' title='bbox 882 2813 931 2844; x_wconf 89' lang='lat' dir='ltr'>De</span> <span class='ocrx_word' id='word_1_347' title='bbox 970 2813 1141 2845; x_wconf 84' lang='lat' dir='ltr'>Potestate</span> <span class='ocrx_word' id='word_1_348' title='bbox 1180 2814 1305 2855; x_wconf 78' lang='lat' dir='ltr'>Papae.</span> <span class='ocrx_word' id='word_1_349' title='bbox 1407 2822 1455 2847; x_wconf 83' lang='lat'>12.</span> <span class='ocrx_word' id='word_1_350' title='bbox 1489 2812 1514 2846; x_wconf 92' lang='grc' dir='ltr'>Ι.</span> <span class='ocrx_word' id='word_1_351' title='bbox 1552 2813 1642 2846; x_wconf 89' lang='lat' dir='ltr'>Tim.</span> <span class='ocrx_word' id='word_1_352' title='bbox 1681 2812 1738 2852; x_wconf 84' lang='grc' dir='ltr'><strong>ΙΙΙ,</strong></span> <span class='ocrx_word' id='word_1_353' title='bbox 1780 2824 1803 2846; x_wconf 91' lang='lat'>1.</span> 
     </span>
    </p>
   </div>
   <div class='ocr_carea' id='block_1_8' title="bbox 501 2858 1266 2903">
    <p class='ocr_par' dir='ltr' id='par_1_12' title="bbox 501 2858 1266 2903">
     <span class='ocr_line' id='line_1_64' title="bbox 501 2858 1266 2903; baseline 0 -13"><span class='ocrx_word' id='word_1_354' title='bbox 501 2867 554 2902; x_wconf 82' lang='lat'>32.</span> <span class='ocrx_word' id='word_1_355' title='bbox 582 2860 673 2903; x_wconf 87' lang='lat' dir='ltr'>Opp.</span> <span class='ocrx_word' id='word_1_356' title='bbox 700 2866 784 2892; x_wconf 86' lang='lat' dir='ltr'>tom.</span> <span class='ocrx_word' id='word_1_357' title='bbox 810 2858 836 2901; x_wconf 85' lang='lat' dir='ltr'>I,</span> <span class='ocrx_word' id='word_1_358' title='bbox 868 2869 906 2890; x_wconf 90' lang='lat'>10</span> <span class='ocrx_word' id='word_1_359' title='bbox 933 2869 1047 2902; x_wconf 88' lang='lat' dir='ltr'>seqq.;</span> <span class='ocrx_word' id='word_1_360' title='bbox 1077 2869 1142 2891; x_wconf 85' lang='lat'>210</span> <span class='ocrx_word' id='word_1_361' title='bbox 1168 2870 1266 2902; x_wconf 85' lang='lat' dir='ltr'>seqq.</span> 
     </span>
    </p>
   </div>
  </div>
 </body>
</html>
