<?xml version="1.0" encoding="UTF-8"?>
<!DOCTYPE html PUBLIC "-//W3C//DTD XHTML 1.0 Transitional//EN"
    "http://www.w3.org/TR/xhtml1/DTD/xhtml1-transitional.dtd">
<html xmlns="http://www.w3.org/1999/xhtml" xml:lang="en" lang="en">
 <head>
  <title>
</title>
<meta http-equiv="Content-Type" content="text/html;charset=utf-8" />
  <meta name='ocr-system' content='tesseract 3.04.00' />
  <meta name='ocr-capabilities' content='ocr_page ocr_carea ocr_par ocr_line ocrx_word'/>
</head>
<body>
  <div class='ocr_page' id='page_1' title='image "./decivilidominio04wycl_0106.png"; bbox 0 0 2050 3292; ppageno 0'>
   <div class='ocr_carea' id='block_1_1' title="bbox 182 700 456 771">
    <p class='ocr_par' dir='ltr' id='par_1_1' title="bbox 182 700 456 771">
     <span class='ocr_line' id='line_1_1' title="bbox 195 700 443 729; baseline -0.004 0"><span class='ocrx_word' id='word_1_1' title='bbox 195 700 392 729; x_wconf 83' lang='lat' dir='ltr'><strong>Authorities</strong></span> <span class='ocrx_word' id='word_1_2' title='bbox 412 701 443 728; x_wconf 87' lang='lat' dir='ltr'><strong>in</strong></span> 
     </span>
     <span class='ocr_line' id='line_1_2' title="bbox 182 736 456 771; baseline -0.007 -7"><span class='ocrx_word' id='word_1_3' title='bbox 182 739 314 771; x_wconf 82' lang='lat' dir='ltr'>support</span> <span class='ocrx_word' id='word_1_4' title='bbox 334 736 369 763; x_wconf 88' lang='lat' dir='ltr'><strong>of</strong></span> <span class='ocrx_word' id='word_1_5' title='bbox 384 736 456 763; x_wconf 87' lang='lat' dir='ltr'><strong>this.</strong></span> 
     </span>
    </p>
   </div>
   <div class='ocr_carea' id='block_1_2' title="bbox 900 223 1782 280">
    <p class='ocr_par' dir='ltr' id='par_1_2' title="bbox 900 223 1782 280">
     <span class='ocr_line' id='line_1_3' title="bbox 900 223 1782 280; baseline -0.011 -11"><span class='ocrx_word' id='word_1_6' title='bbox 900 239 959 270; x_wconf 86' lang='lat' dir='ltr'><strong>DE</strong></span> <span class='ocrx_word' id='word_1_7' title='bbox 987 238 1124 269; x_wconf 82' lang='lat' dir='ltr'>C1V1L1</span> <span class='ocrx_word' id='word_1_8' title='bbox 1152 237 1362 268; x_wconf 78' lang='lat' dir='ltr'><strong>DOMINIO.</strong></span> <span class='ocrx_word' id='word_1_9' title='bbox 1557 223 1668 280; x_wconf 83' lang='lat' dir='ltr'><strong>[CAP.</strong></span> <span class='ocrx_word' id='word_1_10' title='bbox 1688 233 1782 261; x_wconf 84' lang='lat' dir='ltr'><strong>xxn.</strong></span> 
     </span>
    </p>
   </div>
   <div class='ocr_carea' id='block_1_3' title="bbox 468 341 1894 2361">
    <p class='ocr_par' dir='ltr' id='par_1_3' title="bbox 468 341 1783 391">
     <span class='ocr_line' id='line_1_4' title="bbox 468 341 1783 391; baseline -0.005 -7"><span class='ocrx_word' id='word_1_11' title='bbox 468 348 666 384; x_wconf 84' lang='lat' dir='ltr'>tissimum</span> <span class='ocrx_word' id='word_1_12' title='bbox 700 346 741 381; x_wconf 89' lang='lat' dir='ltr'><strong>in</strong></span> <span class='ocrx_word' id='word_1_13' title='bbox 775 342 1002 381; x_wconf 89' lang='lat' dir='ltr'><strong>elemosinis</strong></span> <span class='ocrx_word' id='word_1_14' title='bbox 1041 344 1089 380; x_wconf 88' lang='lat' dir='ltr'><strong>ab</strong></span> <span class='ocrx_word' id='word_1_15' title='bbox 1122 342 1219 391; x_wconf 88' lang='lat' dir='ltr'><strong>ipsis</strong></span> <span class='ocrx_word' id='word_1_16' title='bbox 1249 342 1311 379; x_wconf 91' lang='lat' dir='ltr'><strong>vel</strong></span> <span class='ocrx_word' id='word_1_17' title='bbox 1348 341 1430 379; x_wconf 91' lang='lat' dir='ltr'><strong>suis</strong></span> <span class='ocrx_word' id='word_1_18' title='bbox 1461 341 1783 391; x_wconf 83' lang='lat' dir='ltr'>progenitoribus</span> 
     </span>
    </p>

    <p class='ocr_par' dir='ltr' id='par_1_4' title="bbox 469 393 1783 449">
     <span class='ocr_line' id='line_1_5' title="bbox 469 393 1783 449; baseline -0.005 -6"><span class='ocrx_word' id='word_1_19' title='bbox 469 404 626 443; x_wconf 89' lang='lat' dir='ltr'><strong>collatis</strong></span> <span class='ocrx_word' id='word_1_20' title='bbox 664 402 844 440; x_wconf 84' lang='lat' dir='ltr'><strong>ecclesie.</strong></span> <span class='ocrx_word' id='word_1_21' title='bbox 890 401 1004 438; x_wconf 87' lang='lat' dir='ltr'><strong>Unde</strong></span> <span class='ocrx_word' id='word_1_22' title='bbox 1036 400 1356 437; x_wconf 90' lang='lat' dir='ltr'><strong>Archidiaconus</strong></span> <span class='ocrx_word' id='word_1_23' title='bbox 1395 399 1491 437; x_wconf 89' lang='lat' dir='ltr'><strong>dicit</strong></span> <span class='ocrx_word' id='word_1_24' title='bbox 1529 401 1638 449; x_wconf 91' lang='lat' dir='ltr'><strong>quod</strong></span> <span class='ocrx_word' id='word_1_25' title='bbox 1677 393 1783 448; x_wconf 55' lang='lat' dir='ltr'><strong>‘epis-</strong></span> 
     </span>
    </p>

    <p class='ocr_par' dir='ltr' id='par_1_5' title="bbox 470 457 1783 512">
     <span class='ocr_line' id='line_1_6' title="bbox 470 457 1783 512; baseline -0.005 -11"><span class='ocrx_word' id='word_1_26' title='bbox 470 475 594 512; x_wconf 89' lang='lat' dir='ltr'><strong>copus</strong></span> <span class='ocrx_word' id='word_1_27' title='bbox 633 474 715 498; x_wconf 89' lang='lat' dir='ltr'><strong>non</strong></span> <span class='ocrx_word' id='word_1_28' title='bbox 753 458 977 507; x_wconf 86' lang='lat' dir='ltr'><strong>illegittime</strong></span> <span class='ocrx_word' id='word_1_29' title='bbox 1016 458 1203 495; x_wconf 86' lang='lat' dir='ltr'><strong>alienavit</strong></span> <span class='ocrx_word' id='word_1_30' title='bbox 1242 460 1348 495; x_wconf 89' lang='lat' dir='ltr'><strong>bona</strong></span> <span class='ocrx_word' id='word_1_31' title='bbox 1381 457 1546 495; x_wconf 85' lang='lat' dir='ltr'><strong>ecclesie</strong></span> <span class='ocrx_word' id='word_1_32' title='bbox 1579 467 1664 494; x_wconf 90' lang='lat' dir='ltr'><strong>tum</strong></span> <span class='ocrx_word' id='word_1_33' title='bbox 1696 459 1783 508; x_wconf 83' lang='lat' dir='ltr'><strong>quia</strong></span> 
     </span>
    </p>

    <p class='ocr_par' dir='ltr' id='par_1_6' title="bbox 470 516 1785 568">
     <span class='ocr_line' id='line_1_7' title="bbox 470 516 1785 568; baseline -0.005 -10"><span class='ocrx_word' id='word_1_34' title='bbox 470 533 582 558; x_wconf 85' lang='lat' dir='ltr'><strong>casus</strong></span> <span class='ocrx_word' id='word_1_35' title='bbox 614 519 674 556; x_wconf 85' lang='lat' dir='ltr'><strong>hic</strong></span> <span class='ocrx_word' id='word_1_36' title='bbox 705 518 774 555; x_wconf 85' lang='lat' dir='ltr'><strong>sub</strong></span> <span class='ocrx_word' id='word_1_37' title='bbox 802 517 948 568; x_wconf 80' lang='lat' dir='ltr'><strong>pietate</strong></span> <span class='ocrx_word' id='word_1_38' title='bbox 980 516 1321 565; x_wconf 83' lang='lat' dir='ltr'><strong>comprehenditur</strong></span> <span class='ocrx_word' id='word_1_39' title='bbox 1343 516 1378 552; x_wconf 86' lang='lat' dir='ltr'><strong>in</strong></span> <span class='ocrx_word' id='word_1_40' title='bbox 1410 528 1482 566; x_wconf 80' lang='lat' dir='ltr'><strong>quo</strong></span> <span class='ocrx_word' id='word_1_41' title='bbox 1510 516 1607 552; x_wconf 85' lang='lat' dir='ltr'><strong>bona</strong></span> <span class='ocrx_word' id='word_1_42' title='bbox 1631 516 1785 553; x_wconf 85' lang='lat' dir='ltr'><strong>ecclesie</strong></span> 
     </span>
    </p>

    <p class='ocr_par' dir='ltr' id='par_1_7' title="bbox 471 574 1818 687">
     <span class='ocr_line' id='line_1_8' title="bbox 472 574 1818 623; baseline -0.004 -7"><span class='ocrx_word' id='word_1_43' title='bbox 472 579 573 616; x_wconf 88' lang='lat' dir='ltr'><strong>licite</strong></span> <span class='ocrx_word' id='word_1_44' title='bbox 610 577 842 622; x_wconf 82' lang='lat' dir='ltr'><em>alienantur,</em></span> <span class='ocrx_word' id='word_1_45' title='bbox 875 574 963 621; x_wconf 85' lang='lat' dir='ltr'><em>XII,</em></span> <span class='ocrx_word' id='word_1_46' title='bbox 1003 575 1196 623; x_wconf 73' lang='lat' dir='ltr'><strong>questione</strong></span> <span class='ocrx_word' id='word_1_47' title='bbox 1217 575 1267 622; x_wconf 90' lang='lat' dir='ltr'><strong>II,</strong></span> <span class='ocrx_word' id='word_1_48' title='bbox 1300 575 1529 619; x_wconf 85' lang='lat' dir='ltr'><strong>Sacrorum,</strong></span> <span class='ocrx_word' id='word_1_49' title='bbox 1563 581 1641 610; x_wconf 88' lang='lat' dir='ltr'><strong>tum</strong></span> <span class='ocrx_word' id='word_1_50' title='bbox 1666 574 1818 610; x_wconf 82' lang='lat' dir='ltr'><strong>ecz&#39;am5</strong></span> 
     </span>
     <span class='ocr_line' id='line_1_9' title="bbox 471 632 1099 687; baseline -0.006 -14"><span class='ocrx_word' id='word_1_51' title='bbox 471 638 557 687; x_wconf 81' lang='lat' dir='ltr'><strong>quia</strong></span> <span class='ocrx_word' id='word_1_52' title='bbox 590 636 686 672; x_wconf 88' lang='lat' dir='ltr'><strong>iuste</strong></span> <span class='ocrx_word' id='word_1_53' title='bbox 717 634 884 671; x_wconf 83' lang='lat' dir='ltr'><strong>alienum</strong></span> <span class='ocrx_word' id='word_1_54' title='bbox 918 632 1099 669; x_wconf 89' lang='lat' dir='ltr'><strong>restituit.</strong></span> 
     </span>
    </p>

    <p class='ocr_par' dir='ltr' id='par_1_8' title="bbox 469 689 1894 2361">
     <span class='ocr_line' id='line_1_10' title="bbox 529 689 1786 738; baseline -0.005 -7"><span class='ocrx_word' id='word_1_55' title='bbox 529 693 675 731; x_wconf 88' lang='lat' dir='ltr'><strong>Tercio</strong></span> <span class='ocrx_word' id='word_1_56' title='bbox 708 691 974 729; x_wconf 87' lang='lat' dir='ltr'><strong>confirmatur</strong></span> <span class='ocrx_word' id='word_1_57' title='bbox 1007 702 1050 726; x_wconf 84' lang='lat' dir='ltr'><strong>ex</strong></span> <span class='ocrx_word' id='word_1_58' title='bbox 1083 692 1244 728; x_wconf 89' lang='lat' dir='ltr'><strong>decreto</strong></span> <span class='ocrx_word' id='word_1_59' title='bbox 1278 689 1432 727; x_wconf 88' lang='lat' dir='ltr'><strong>consilii</strong></span> <span class='ocrx_word' id='word_1_60' title='bbox 1464 689 1678 726; x_wconf 87' lang='lat' dir='ltr'><strong>Tholetani</strong></span> <span class='ocrx_word' id='word_1_61' title='bbox 1716 702 1786 738; x_wconf 91' lang='lat' dir='ltr'><strong>po-</strong></span> 
     </span>
     <span class='ocr_line' id='line_1_11' title="bbox 472 748 1786 798; baseline -0.006 -8"><span class='ocrx_word' id='word_1_62' title='bbox 472 752 549 790; x_wconf 89' lang='lat' dir='ltr'><strong>sito</strong></span> <span class='ocrx_word' id='word_1_63' title='bbox 571 752 673 798; x_wconf 86' lang='lat' dir='ltr'>XVI,</span> <span class='ocrx_word' id='word_1_64' title='bbox 708 749 917 798; x_wconf 84' lang='lat' dir='ltr'><strong>questione</strong></span> <span class='ocrx_word' id='word_1_65' title='bbox 939 749 1025 787; x_wconf 89' lang='lat' dir='ltr'><strong>VII:</strong></span> <span class='ocrx_word' id='word_1_66' title='bbox 1055 749 1290 798; x_wconf 80' lang='lat' dir='ltr'><strong>Quicunque,</strong></span> <span class='ocrx_word' id='word_1_67' title='bbox 1322 748 1462 796; x_wconf 87' lang='lat' dir='ltr'><strong>inquit,</strong></span> <span class='ocrx_word' id='word_1_68' title='bbox 1485 748 1667 797; x_wconf 87' lang='lat' dir='ltr'><strong>fidelium</strong></span> <span class='ocrx_word' id='word_1_69' title='bbox 1693 760 1786 797; x_wconf 80' lang='lat' dir='ltr'><strong>pro-</strong></span> 
     </span>
     <span class='ocr_line' id='line_1_12' title="bbox 469 805 1786 861; baseline -0.005 -14"><span class='ocrx_word' id='word_1_70' title='bbox 469 811 559 861; x_wconf 85' lang='lat' dir='ltr'><strong>pria</strong></span> <span class='ocrx_word' id='word_1_71' title='bbox 602 808 807 846; x_wconf 80' lang='lat' dir='ltr'><strong>devocione</strong></span> <span class='ocrx_word' id='word_1_72' title='bbox 845 807 893 843; x_wconf 90' lang='lat' dir='ltr'><strong>de</strong></span> <span class='ocrx_word' id='word_1_73' title='bbox 918 806 1179 856; x_wconf 85' lang='lat' dir='ltr'><strong>facultatibus</strong></span> <span class='ocrx_word' id='word_1_74' title='bbox 1215 806 1293 842; x_wconf 84' lang='lat' dir='ltr'><strong>suis</strong></span> <span class='ocrx_word' id='word_1_75' title='bbox 1330 806 1477 855; x_wconf 85' lang='lat' dir='ltr'><strong>aliquid</strong></span> <span class='ocrx_word' id='word_1_76' title='bbox 1513 805 1667 842; x_wconf 84' lang='lat' dir='ltr'><strong>ecclesie</strong></span> <span class='ocrx_word' id='word_1_77' title='bbox 1698 817 1786 842; x_wconf 89' lang='lat' dir='ltr'><strong>con-</strong></span> 
     </span>
     <span class='ocr_line' id='line_1_13' title="bbox 473 863 1845 915; baseline -0.005 -10"><span class='ocrx_word' id='word_1_78' title='bbox 473 867 643 914; x_wconf 82' lang='lat' dir='ltr'><strong>tulerint,</strong></span> <span class='ocrx_word' id='word_1_79' title='bbox 683 866 718 902; x_wconf 88' lang='lat' dir='ltr'><strong>si</strong></span> <span class='ocrx_word' id='word_1_80' title='bbox 738 865 855 915; x_wconf 87' lang='lat' dir='ltr'><strong>sorte</strong></span> <span class='ocrx_word' id='word_1_81' title='bbox 885 864 957 914; x_wconf 84' lang='lat' dir='ltr'><strong>ipsi</strong></span> <span class='ocrx_word' id='word_1_82' title='bbox 992 872 1059 900; x_wconf 89' lang='lat' dir='ltr'><strong>aut</strong></span> <span class='ocrx_word' id='word_1_83' title='bbox 1086 864 1169 914; x_wconf 89' lang='lat' dir='ltr'><strong>filii</strong></span> <span class='ocrx_word' id='word_1_84' title='bbox 1204 876 1336 900; x_wconf 89' lang='lat' dir='ltr'><strong>eorum</strong></span> <span class='ocrx_word' id='word_1_85' title='bbox 1377 864 1527 900; x_wconf 87' lang='lat' dir='ltr'><strong>redacti</strong></span> <span class='ocrx_word' id='word_1_86' title='bbox 1549 863 1706 912; x_wconf 86' lang='lat' dir='ltr'><strong>fuerint</strong></span> <span class='ocrx_word' id='word_1_87' title='bbox 1736 863 1845 899; x_wconf 75' lang='lat' dir='ltr'><strong>adxo</strong></span> 
     </span>
     <span class='ocr_line' id='line_1_14' title="bbox 476 921 1789 976; baseline -0.005 -13"><span class='ocrx_word' id='word_1_88' title='bbox 476 926 658 976; x_wconf 84' lang='lat' dir='ltr'><strong>inopiam,</strong></span> <span class='ocrx_word' id='word_1_89' title='bbox 692 924 738 960; x_wconf 88' lang='lat' dir='ltr'><strong>ab</strong></span> <span class='ocrx_word' id='word_1_90' title='bbox 771 923 904 960; x_wconf 87' lang='lat' dir='ltr'><strong>eadem</strong></span> <span class='ocrx_word' id='word_1_91' title='bbox 937 922 1096 959; x_wconf 84' lang='lat' dir='ltr'><strong>ecclesia</strong></span> <span class='ocrx_word' id='word_1_92' title='bbox 1127 922 1363 973; x_wconf 77' lang='lat' dir='ltr'><strong>suffragium</strong></span> <span class='ocrx_word' id='word_1_93' title='bbox 1398 922 1470 958; x_wconf 80' lang='lat' dir='ltr'><strong>vite</strong></span> <span class='ocrx_word' id='word_1_94' title='bbox 1496 934 1572 971; x_wconf 80' lang='lat' dir='ltr'><strong>pro</strong></span> <span class='ocrx_word' id='word_1_95' title='bbox 1606 921 1789 970; x_wconf 83' lang='lat' dir='ltr'><strong>temporis</strong></span> 
     </span>
     <span class='ocr_line' id='line_1_15' title="bbox 476 978 1788 1033; baseline -0.005 -12"><span class='ocrx_word' id='word_1_96' title='bbox 476 997 545 1021; x_wconf 88' lang='lat' dir='ltr'><strong>usu</strong></span> <span class='ocrx_word' id='word_1_97' title='bbox 585 982 828 1033; x_wconf 78' lang='lat' dir='ltr'><strong>percipiant5</strong></span> <span class='ocrx_word' id='word_1_98' title='bbox 872 979 988 1017; x_wconf 86' lang='lat' dir='ltr'><strong>aliter</strong></span> <span class='ocrx_word' id='word_1_99' title='bbox 1033 979 1140 1017; x_wconf 90' lang='lat' dir='ltr'><strong>enim</strong></span> <span class='ocrx_word' id='word_1_100' title='bbox 1184 992 1266 1016; x_wconf 91' lang='lat' dir='ltr'><strong>non</strong></span> <span class='ocrx_word' id='word_1_101' title='bbox 1309 979 1587 1016; x_wconf 80' lang='lat' dir='ltr'><strong>animarentur</strong></span> <span class='ocrx_word' id='word_1_102' title='bbox 1632 978 1788 1015; x_wconf 86' lang='lat' dir='ltr'><strong>domini</strong></span> 
     </span>
     <span class='ocr_line' id='line_1_16' title="bbox 475 1037 1788 1089; baseline -0.005 -10"><span class='ocrx_word' id='word_1_103' title='bbox 475 1041 718 1089; x_wconf 87' lang='lat' dir='ltr'><strong>temporales</strong></span> <span class='ocrx_word' id='word_1_104' title='bbox 751 1040 802 1076; x_wconf 86' lang='lat' dir='ltr'><strong>ad</strong></span> <span class='ocrx_word' id='word_1_105' title='bbox 835 1039 1057 1075; x_wconf 88' lang='lat' dir='ltr'><strong>dotandum</strong></span> <span class='ocrx_word' id='word_1_106' title='bbox 1091 1037 1277 1075; x_wconf 83' lang='lat' dir='ltr'><strong>ecclesias</strong></span> <span class='ocrx_word' id='word_1_107' title='bbox 1310 1037 1385 1074; x_wconf 91' lang='lat' dir='ltr'><strong>nisi</strong></span> <span class='ocrx_word' id='word_1_108' title='bbox 1417 1046 1580 1086; x_wconf 88' lang='lat' dir='ltr'><strong>possent</strong></span> <span class='ocrx_word' id='word_1_109' title='bbox 1608 1045 1788 1085; x_wconf 88' lang='lat' dir='ltr'><strong>tempore</strong></span> 
     </span>
     <span class='ocr_line' id='line_1_17' title="bbox 476 1095 1788 1142; baseline -0.005 -5"><span class='ocrx_word' id='word_1_110' title='bbox 476 1098 722 1137; x_wconf 85' lang='lat' dir='ltr'><strong>necessitatis</strong></span> <span class='ocrx_word' id='word_1_111' title='bbox 745 1097 980 1134; x_wconf 88' lang='lat' dir='ltr'><strong>subtrahere</strong></span> <span class='ocrx_word' id='word_1_112' title='bbox 1003 1109 1094 1133; x_wconf 89' lang='lat' dir='ltr'><strong>suas</strong></span> <span class='ocrx_word' id='word_1_113' title='bbox 1118 1096 1371 1142; x_wconf 82' lang='lat' dir='ltr'><strong>elemosinas,</strong></span> <span class='ocrx_word' id='word_1_114' title='bbox 1406 1105 1444 1132; x_wconf 89' lang='lat' dir='ltr'><strong>et</strong></span> <span class='ocrx_word' id='word_1_115' title='bbox 1464 1096 1561 1132; x_wconf 90' lang='lat' dir='ltr'><strong>illud</strong></span> <span class='ocrx_word' id='word_1_116' title='bbox 1589 1107 1672 1132; x_wconf 90' lang='lat' dir='ltr'><strong>non</strong></span> <span class='ocrx_word' id='word_1_117' title='bbox 1693 1095 1788 1131; x_wconf 83' lang='lat' dir='ltr'><strong>dare</strong></span> 
     </span>
     <span class='ocr_line' id='line_1_18' title="bbox 475 1152 1844 1201; baseline -0.004 -7"><span class='ocrx_word' id='word_1_118' title='bbox 475 1158 696 1195; x_wconf 87' lang='lat' dir='ltr'><strong>secundum</strong></span> <span class='ocrx_word' id='word_1_119' title='bbox 728 1154 1074 1192; x_wconf 88' lang='lat' dir='ltr'><strong>Archidiaconum</strong></span> <span class='ocrx_word' id='word_1_120' title='bbox 1112 1153 1154 1190; x_wconf 89' lang='lat' dir='ltr'><strong>in</strong></span> <span class='ocrx_word' id='word_1_121' title='bbox 1187 1153 1355 1190; x_wconf 86' lang='lat' dir='ltr'><strong>Rosario</strong></span> <span class='ocrx_word' id='word_1_122' title='bbox 1393 1155 1475 1200; x_wconf 92' lang='lat' dir='ltr'><strong>XII,</strong></span> <span class='ocrx_word' id='word_1_123' title='bbox 1514 1152 1721 1201; x_wconf 91' lang='lat' dir='ltr'><strong>questione</strong></span> <span class='ocrx_word' id='word_1_124' title='bbox 1760 1154 1844 1199; x_wconf 74' lang='grc' dir='ltr'>1,Ῑέ)</span> 
     </span>
     <span class='ocr_line' id='line_1_19' title="bbox 475 1212 1789 1264; baseline -0.005 -12"><span class='ocrx_word' id='word_1_125' title='bbox 475 1215 655 1264; x_wconf 90' lang='lat' dir='ltr'><strong>capitulo</strong></span> <span class='ocrx_word' id='word_1_126' title='bbox 693 1213 807 1250; x_wconf 88' lang='lat' dir='ltr'><strong>Certe</strong></span> <span class='ocrx_word' id='word_1_127' title='bbox 846 1224 965 1261; x_wconf 89' lang='lat' dir='ltr'><strong>super</strong></span> <span class='ocrx_word' id='word_1_128' title='bbox 1001 1213 1124 1249; x_wconf 89' lang='lat' dir='ltr'><strong>verbo</strong></span> <span class='ocrx_word' id='word_1_129' title='bbox 1162 1212 1345 1261; x_wconf 86' lang='lat' dir='ltr'><strong>aufferre.</strong></span> <span class='ocrx_word' id='word_1_130' title='bbox 1390 1212 1463 1247; x_wconf 89' lang='lat' dir='ltr'><strong>Est</strong></span> <span class='ocrx_word' id='word_1_131' title='bbox 1505 1212 1688 1260; x_wconf 87' lang='lat' dir='ltr'><strong>aufferre.</strong></span> <span class='ocrx_word' id='word_1_132' title='bbox 1734 1213 1789 1246; x_wconf 82' lang='lat' dir='ltr'><strong>Ex</strong></span> 
     </span>
     <span class='ocr_line' id='line_1_20' title="bbox 474 1268 1788 1323; baseline -0.005 -13"><span class='ocrx_word' id='word_1_133' title='bbox 474 1287 553 1323; x_wconf 92' lang='lat' dir='ltr'><strong>quo</strong></span> <span class='ocrx_word' id='word_1_134' title='bbox 597 1280 710 1321; x_wconf 89' lang='lat' dir='ltr'><strong>patet</strong></span> <span class='ocrx_word' id='word_1_135' title='bbox 767 1272 876 1318; x_wconf 90' lang='lat' dir='ltr'><strong>quod</strong></span> <span class='ocrx_word' id='word_1_136' title='bbox 920 1269 1075 1307; x_wconf 88' lang='lat' dir='ltr'><strong>domini</strong></span> <span class='ocrx_word' id='word_1_137' title='bbox 1119 1269 1361 1318; x_wconf 86' lang='lat' dir='ltr'><strong>temporales</strong></span> <span class='ocrx_word' id='word_1_138' title='bbox 1405 1278 1573 1317; x_wconf 90' lang='lat' dir='ltr'><strong>possunt</strong></span> <span class='ocrx_word' id='word_1_139' title='bbox 1617 1268 1788 1305; x_wconf 82' lang='lat' dir='ltr'><strong>aufferre</strong></span> 
     </span>
     <span class='ocr_line' id='line_1_21' title="bbox 472 1327 1788 1379; baseline -0.005 -11"><span class='ocrx_word' id='word_1_140' title='bbox 472 1329 712 1379; x_wconf 89' lang='lat' dir='ltr'><strong>temporalia</strong></span> <span class='ocrx_word' id='word_1_141' title='bbox 751 1330 801 1365; x_wconf 89' lang='lat' dir='ltr'><strong>ab</strong></span> <span class='ocrx_word' id='word_1_142' title='bbox 841 1328 1011 1365; x_wconf 88' lang='lat' dir='ltr'><strong>ecclesia</strong></span> <span class='ocrx_word' id='word_1_143' title='bbox 1043 1327 1341 1376; x_wconf 85' lang='lat' dir='ltr'><strong>quantumlibet</strong></span> <span class='ocrx_word' id='word_1_144' title='bbox 1379 1327 1551 1375; x_wconf 87' lang='lat' dir='ltr'><strong>regulari</strong></span> <span class='ocrx_word' id='word_1_145' title='bbox 1589 1335 1627 1363; x_wconf 87' lang='lat' dir='ltr'><strong>et</strong></span> <span class='ocrx_word' id='word_1_146' title='bbox 1660 1327 1788 1362; x_wconf 89' lang='lat' dir='ltr'><strong>multo</strong></span> 
     </span>
     <span class='ocr_line' id='line_1_22' title="bbox 472 1378 1788 1437; baseline -0.005 -11"><span class='ocrx_word' id='word_1_147' title='bbox 472 1389 599 1437; x_wconf 84' lang='lat' dir='ltr'><strong>magis</strong></span> <span class='ocrx_word' id='word_1_148' title='bbox 622 1389 671 1425; x_wconf 88' lang='lat' dir='ltr'><strong>ab</strong></span> <span class='ocrx_word' id='word_1_149' title='bbox 695 1386 863 1424; x_wconf 87' lang='lat' dir='ltr'><strong>ecclesia</strong></span> <span class='ocrx_word' id='word_1_150' title='bbox 893 1378 1150 1423; x_wconf 82' lang='lat' dir='ltr'><strong>habitualiter</strong></span> <span class='ocrx_word' id='word_1_151' title='bbox 1172 1385 1441 1434; x_wconf 90' lang='lat' dir='ltr'><strong>delinquente.</strong></span> <span class='ocrx_word' id='word_1_152' title='bbox 1475 1387 1523 1421; x_wconf 91' lang='lat' dir='ltr'><strong>Et</strong></span> <span class='ocrx_word' id='word_1_153' title='bbox 1556 1397 1674 1433; x_wconf 90' lang='lat' dir='ltr'><strong>super</strong></span> <span class='ocrx_word' id='word_1_154' title='bbox 1705 1385 1788 1432; x_wconf 86' lang='lat' dir='ltr'><strong>lege</strong></span> 
     </span>
     <span class='ocr_line' id='line_1_23' title="bbox 470 1442 1846 1490; baseline -0.006 -6"><span class='ocrx_word' id='word_1_155' title='bbox 470 1448 537 1484; x_wconf 90' lang='lat' dir='ltr'><strong>illa</strong></span> <span class='ocrx_word' id='word_1_156' title='bbox 561 1447 701 1483; x_wconf 88' lang='lat' dir='ltr'><strong>fundat</strong></span> <span class='ocrx_word' id='word_1_157' title='bbox 722 1443 1056 1490; x_wconf 87' lang='lat' dir='ltr'><strong>Archidiaconus,</strong></span> <span class='ocrx_word' id='word_1_158' title='bbox 1090 1456 1182 1481; x_wconf 86' lang='lat' dir='ltr'><strong>cum</strong></span> <span class='ocrx_word' id='word_1_159' title='bbox 1207 1443 1375 1481; x_wconf 85' lang='lat' dir='ltr'><strong>ecclesia</strong></span> <span class='ocrx_word' id='word_1_160' title='bbox 1396 1452 1555 1480; x_wconf 87' lang='lat' dir='ltr'><strong>tenetur</strong></span> <span class='ocrx_word' id='word_1_161' title='bbox 1577 1442 1788 1479; x_wconf 89' lang='lat' dir='ltr'><strong>subvenire</strong></span> <span class='ocrx_word' id='word_1_162' title='bbox 1805 1455 1846 1476; x_wconf 85' lang='lat'><strong>20</strong></span> 
     </span>
     <span class='ocr_line' id='line_1_24' title="bbox 472 1499 1788 1554; baseline -0.005 -12"><span class='ocrx_word' id='word_1_163' title='bbox 472 1503 716 1554; x_wconf 87' lang='lat' dir='ltr'><strong>pauperibus</strong></span> <span class='ocrx_word' id='word_1_164' title='bbox 749 1511 787 1539; x_wconf 89' lang='lat' dir='ltr'><strong>et</strong></span> <span class='ocrx_word' id='word_1_165' title='bbox 821 1502 992 1539; x_wconf 81' lang='lat' dir='ltr'><strong>maxime</strong></span> <span class='ocrx_word' id='word_1_166' title='bbox 1025 1501 1206 1550; x_wconf 85' lang='lat' dir='ltr'><strong>aquibus</strong></span> <span class='ocrx_word' id='word_1_167' title='bbox 1239 1500 1478 1539; x_wconf 88' lang='lat' dir='ltr'><strong>beneficium</strong></span> <span class='ocrx_word' id='word_1_168' title='bbox 1502 1499 1657 1549; x_wconf 81' lang='lat' dir='ltr'><strong>recipit,</strong></span> <span class='ocrx_word' id='word_1_169' title='bbox 1683 1501 1788 1548; x_wconf 90' lang='lat' dir='ltr'><strong>quod</strong></span> 
     </span>
     <span class='ocr_line' id='line_1_25' title="bbox 469 1556 1894 1611; baseline -0.006 -11"><span class='ocrx_word' id='word_1_170' title='bbox 469 1571 632 1600; x_wconf 87' lang='lat' dir='ltr'><strong>tenetur</strong></span> <span class='ocrx_word' id='word_1_171' title='bbox 663 1560 875 1598; x_wconf 89' lang='lat' dir='ltr'><strong>subvenire</strong></span> <span class='ocrx_word' id='word_1_172' title='bbox 924 1559 1013 1597; x_wconf 85' lang='lat' dir='ltr'><strong>filiis</strong></span> <span class='ocrx_word' id='word_1_173' title='bbox 1058 1568 1338 1607; x_wconf 88' lang='lat' dir='ltr'><strong>patronorum.</strong></span> <span class='ocrx_word' id='word_1_174' title='bbox 1374 1556 1378 1611; x_wconf 82' lang='grc' dir='ltr'>Ι</span> <span class='ocrx_word' id='word_1_175' title='bbox 1408 1560 1523 1596; x_wconf 90' lang='lat' dir='ltr'><strong>Unde</strong></span> <span class='ocrx_word' id='word_1_176' title='bbox 1555 1568 1787 1595; x_wconf 89' lang='lat' dir='ltr'><strong>notaremus</strong></span> <span class='ocrx_word' id='word_1_177' title='bbox 1833 1560 1894 1602; x_wconf 83' lang='lat'><strong>184</strong></span> 
     </span>
     <span class='ocr_line' id='line_1_26' title="bbox 471 1616 1787 1669; baseline -0.004 -12"><span class='ocrx_word' id='word_1_178' title='bbox 471 1627 756 1669; x_wconf 82' lang='lat' dir='ltr'><strong>argumentum</strong></span> <span class='ocrx_word' id='word_1_179' title='bbox 779 1618 993 1666; x_wconf 82' lang='lat' dir='ltr'><strong>Augustini</strong></span> <span class='ocrx_word' id='word_1_180' title='bbox 1026 1619 1246 1654; x_wconf 90' lang='lat' dir='ltr'><strong>secundum</strong></span> <span class='ocrx_word' id='word_1_181' title='bbox 1282 1619 1311 1653; x_wconf 94' lang='lat' dir='ltr'><strong>II</strong></span> <span class='ocrx_word' id='word_1_182' title='bbox 1346 1619 1402 1654; x_wconf 88' lang='lat' dir='ltr'><strong>De</strong></span> <span class='ocrx_word' id='word_1_183' title='bbox 1424 1617 1516 1653; x_wconf 88' lang='lat' dir='ltr'><strong>Vita</strong></span> <span class='ocrx_word' id='word_1_184' title='bbox 1540 1616 1787 1653; x_wconf 88' lang='lat' dir='ltr'><strong>Clericorum</strong></span> 
     </span>
     <span class='ocr_line' id='line_1_27' title="bbox 471 1674 1788 1727; baseline -0.005 -12"><span class='ocrx_word' id='word_1_185' title='bbox 471 1680 579 1727; x_wconf 88' lang='lat' dir='ltr'><strong>quod</strong></span> <span class='ocrx_word' id='word_1_186' title='bbox 611 1677 777 1726; x_wconf 88' lang='lat' dir='ltr'><strong>ponitur</strong></span> <span class='ocrx_word' id='word_1_187' title='bbox 809 1677 850 1713; x_wconf 90' lang='lat' dir='ltr'><strong>in</strong></span> <span class='ocrx_word' id='word_1_188' title='bbox 883 1675 1053 1713; x_wconf 83' lang='lat' dir='ltr'><strong>decretis</strong></span> <span class='ocrx_word' id='word_1_189' title='bbox 1075 1677 1174 1721; x_wconf 79' lang='lat' dir='ltr'><strong>XIII,</strong></span> <span class='ocrx_word' id='word_1_190' title='bbox 1209 1674 1418 1723; x_wconf 90' lang='lat' dir='ltr'><strong>questione</strong></span> <span class='ocrx_word' id='word_1_191' title='bbox 1442 1676 1487 1721; x_wconf 90' lang='lat' dir='ltr'><strong>II,</strong></span> <span class='ocrx_word' id='word_1_192' title='bbox 1521 1675 1564 1710; x_wconf 83' lang='lat' dir='ltr'><strong>Si</strong></span> <span class='ocrx_word' id='word_1_193' title='bbox 1594 1674 1688 1723; x_wconf 83' lang='lat' dir='ltr'><strong>quis,</strong></span> <span class='ocrx_word' id='word_1_194' title='bbox 1721 1675 1788 1710; x_wconf 88' lang='lat' dir='ltr'><strong>ubi</strong></span> 
     </span>
     <span class='ocr_line' id='line_1_28' title="bbox 469 1732 1843 1784; baseline -0.004 -12"><span class='ocrx_word' id='word_1_195' title='bbox 469 1736 716 1784; x_wconf 82' lang='lat' dir='ltr'><strong>Augustinus</strong></span> <span class='ocrx_word' id='word_1_196' title='bbox 762 1734 871 1779; x_wconf 88' lang='lat' dir='ltr'><strong>dicit,</strong></span> <span class='ocrx_word' id='word_1_197' title='bbox 918 1747 1006 1770; x_wconf 90' lang='lat' dir='ltr'><strong>cum</strong></span> <span class='ocrx_word' id='word_1_198' title='bbox 1054 1735 1242 1770; x_wconf 84' lang='lat' dir='ltr'><strong>sacerdos</strong></span> <span class='ocrx_word' id='word_1_199' title='bbox 1286 1734 1403 1770; x_wconf 87' lang='lat' dir='ltr'><strong>debet</strong></span> <span class='ocrx_word' id='word_1_200' title='bbox 1442 1741 1596 1781; x_wconf 87' lang='lat' dir='ltr'><strong>patrem</strong></span> <span class='ocrx_word' id='word_1_201' title='bbox 1638 1732 1786 1768; x_wconf 86' lang='lat' dir='ltr'><strong>iratum</strong></span> <span class='ocrx_word' id='word_1_202' title='bbox 1804 1734 1843 1766; x_wconf 81' lang='lat'><strong>25</strong></span> 
     </span>
     <span class='ocr_line' id='line_1_29' title="bbox 470 1790 1786 1838; baseline -0.004 -8"><span class='ocrx_word' id='word_1_203' title='bbox 470 1795 552 1831; x_wconf 80' lang='lat' dir='ltr'><strong>filio</strong></span> <span class='ocrx_word' id='word_1_204' title='bbox 585 1802 623 1830; x_wconf 93' lang='lat' dir='ltr'><strong>et</strong></span> <span class='ocrx_word' id='word_1_205' title='bbox 654 1793 855 1829; x_wconf 88' lang='lat' dir='ltr'><strong>volentem</strong></span> <span class='ocrx_word' id='word_1_206' title='bbox 887 1804 930 1828; x_wconf 86' lang='lat' dir='ltr'><strong>ex</strong></span> <span class='ocrx_word' id='word_1_207' title='bbox 963 1792 1056 1828; x_wconf 88' lang='lat' dir='ltr'><strong>hinc</strong></span> <span class='ocrx_word' id='word_1_208' title='bbox 1100 1790 1373 1828; x_wconf 85' lang='lat' dir='ltr'><strong>exhereditare</strong></span> <span class='ocrx_word' id='word_1_209' title='bbox 1419 1792 1579 1838; x_wconf 87' lang='lat' dir='ltr'><strong>placare</strong></span> <span class='ocrx_word' id='word_1_210' title='bbox 1613 1790 1692 1826; x_wconf 83' lang='lat' dir='ltr'><strong>filio</strong></span> <span class='ocrx_word' id='word_1_211' title='bbox 1727 1802 1786 1826; x_wconf 89' lang='lat' dir='ltr'><strong>re-</strong></span> 
     </span>
     <span class='ocr_line' id='line_1_30' title="bbox 471 1848 1786 1899; baseline -0.005 -10"><span class='ocrx_word' id='word_1_212' title='bbox 471 1851 739 1895; x_wconf 86' lang='lat' dir='ltr'><strong>conciliando,</strong></span> <span class='ocrx_word' id='word_1_213' title='bbox 779 1851 983 1899; x_wconf 80' lang='lat' dir='ltr'><strong>quomodo,</strong></span> <span class='ocrx_word' id='word_1_214' title='bbox 1021 1849 1152 1898; x_wconf 90' lang='lat' dir='ltr'><strong>inquit</strong></span> <span class='ocrx_word' id='word_1_215' title='bbox 1189 1848 1448 1896; x_wconf 78' lang='lat' dir='ltr'><strong>Augustinus,</strong></span> <span class='ocrx_word' id='word_1_216' title='bbox 1488 1861 1585 1898; x_wconf 76' lang='lat' dir='ltr'><strong>ergo</strong></span> <span class='ocrx_word' id='word_1_217' title='bbox 1625 1855 1664 1883; x_wconf 88' lang='lat' dir='ltr'><strong>ut</strong></span> <span class='ocrx_word' id='word_1_218' title='bbox 1702 1860 1786 1883; x_wconf 88' lang='lat' dir='ltr'><strong>cum</strong></span> 
     </span>
     <span class='ocr_line' id='line_1_31' title="bbox 473 1905 1788 1961; baseline -0.003 -16"><span class='ocrx_word' id='word_1_219' title='bbox 473 1911 562 1961; x_wconf 85' lang='lat' dir='ltr'><strong>filio</strong></span> <span class='ocrx_word' id='word_1_220' title='bbox 585 1922 653 1946; x_wconf 89' lang='lat' dir='ltr'><strong>suo</strong></span> <span class='ocrx_word' id='word_1_221' title='bbox 677 1909 814 1944; x_wconf 84' lang='lat' dir='ltr'><strong>habeat</strong></span> <span class='ocrx_word' id='word_1_222' title='bbox 842 1920 979 1958; x_wconf 84' lang='lat' dir='ltr'><strong>pacem</strong></span> <span class='ocrx_word' id='word_1_223' title='bbox 1018 1908 1124 1944; x_wconf 87' lang='lat' dir='ltr'><strong>cuius</strong></span> <span class='ocrx_word' id='word_1_224' title='bbox 1153 1914 1291 1957; x_wconf 81' lang='lat' dir='ltr'><strong>appeto</strong></span> <span class='ocrx_word' id='word_1_225' title='bbox 1324 1907 1589 1943; x_wconf 85' lang='lat' dir='ltr'><strong>hereditatem.</strong></span> <span class='ocrx_word' id='word_1_226' title='bbox 1623 1905 1788 1942; x_wconf 88' lang='lat' dir='ltr'><strong>Videtur</strong></span> 
     </span>
     <span class='ocr_line' id='line_1_32' title="bbox 473 1964 1787 2013; baseline -0.003 -10"><span class='ocrx_word' id='word_1_227' title='bbox 473 1967 593 2004; x_wconf 86' lang='lat' dir='ltr'><strong>michi</strong></span> <span class='ocrx_word' id='word_1_228' title='bbox 639 1978 789 2012; x_wconf 87' lang='lat' dir='ltr'><strong>revera,</strong></span> <span class='ocrx_word' id='word_1_229' title='bbox 836 1967 945 2013; x_wconf 89' lang='lat' dir='ltr'><strong>quod</strong></span> <span class='ocrx_word' id='word_1_230' title='bbox 990 1965 1085 2002; x_wconf 88' lang='lat' dir='ltr'><strong>illud</strong></span> <span class='ocrx_word' id='word_1_231' title='bbox 1131 1964 1180 2001; x_wconf 88' lang='lat' dir='ltr'><strong>sit</strong></span> <span class='ocrx_word' id='word_1_232' title='bbox 1224 1974 1339 2012; x_wconf 89' lang='lat' dir='ltr'><strong>turpe</strong></span> <span class='ocrx_word' id='word_1_233' title='bbox 1384 1964 1557 2010; x_wconf 86' lang='lat' dir='ltr'><strong>lucrum,</strong></span> <span class='ocrx_word' id='word_1_234' title='bbox 1602 1972 1645 1999; x_wconf 89' lang='lat' dir='ltr'><strong>ut</strong></span> <span class='ocrx_word' id='word_1_235' title='bbox 1679 1972 1787 2011; x_wconf 84' lang='lat' dir='ltr'><strong>patet</strong></span> 
     </span>
     <span class='ocr_line' id='line_1_33' title="bbox 472 2021 1844 2062; baseline -0.004 0"><span class='ocrx_word' id='word_1_236' title='bbox 472 2028 518 2062; x_wconf 94' lang='lat' dir='ltr'><strong>III</strong></span> <span class='ocrx_word' id='word_1_237' title='bbox 552 2024 814 2061; x_wconf 81' lang='lat' dir='ltr'><strong>decretalium</strong></span> <span class='ocrx_word' id='word_1_238' title='bbox 839 2023 956 2060; x_wconf 88' lang='lat' dir='ltr'><strong>titulo</strong></span> <span class='ocrx_word' id='word_1_239' title='bbox 981 2022 1102 2060; x_wconf 80' lang='lat' dir='ltr'><strong>finali.</strong></span> <span class='ocrx_word' id='word_1_240' title='bbox 1132 2024 1424 2059; x_wconf 83' lang='lat' dir='ltr'><strong>Verumtamen</strong></span> <span class='ocrx_word' id='word_1_241' title='bbox 1445 2034 1494 2058; x_wconf 91' lang='lat' dir='ltr'><strong>ne</strong></span> <span class='ocrx_word' id='word_1_242' title='bbox 1517 2021 1607 2058; x_wconf 89' lang='lat' dir='ltr'><strong>talis</strong></span> <span class='ocrx_word' id='word_1_243' title='bbox 1631 2021 1786 2058; x_wconf 89' lang='lat' dir='ltr'><strong>ablacio</strong></span> <span class='ocrx_word' id='word_1_244' title='bbox 1803 2025 1844 2056; x_wconf 73' lang='lat'><strong>30</strong></span> 
     </span>
     <span class='ocr_line' id='line_1_34' title="bbox 471 2079 1784 2130; baseline -0.005 -10"><span class='ocrx_word' id='word_1_245' title='bbox 471 2083 519 2120; x_wconf 89' lang='lat' dir='ltr'><strong>sit</strong></span> <span class='ocrx_word' id='word_1_246' title='bbox 564 2082 789 2130; x_wconf 85' lang='lat' dir='ltr'><strong>inprovida,</strong></span> <span class='ocrx_word' id='word_1_247' title='bbox 832 2081 1039 2118; x_wconf 85' lang='lat' dir='ltr'><strong>modificat</strong></span> <span class='ocrx_word' id='word_1_248' title='bbox 1072 2082 1298 2117; x_wconf 89' lang='lat' dir='ltr'><strong>decretum:</strong></span> <span class='ocrx_word' id='word_1_249' title='bbox 1343 2080 1432 2126; x_wconf 89' lang='lat' dir='ltr'><strong>Hic,</strong></span> <span class='ocrx_word' id='word_1_250' title='bbox 1465 2080 1606 2128; x_wconf 90' lang='lat' dir='ltr'><strong>inquit,</strong></span> <span class='ocrx_word' id='word_1_251' title='bbox 1652 2079 1784 2115; x_wconf 86' lang='lat' dir='ltr'><strong>distin-</strong></span> 
     </span>
     <span class='ocr_line' id='line_1_35' title="bbox 469 2137 1786 2192; baseline -0.003 -16"><span class='ocrx_word' id='word_1_252' title='bbox 469 2141 665 2192; x_wconf 78' lang='lat' dir='ltr'><strong>guendum</strong></span> <span class='ocrx_word' id='word_1_253' title='bbox 712 2147 780 2186; x_wconf 89' lang='lat' dir='ltr'><strong>est,</strong></span> <span class='ocrx_word' id='word_1_254' title='bbox 825 2140 917 2189; x_wconf 83' lang='lat' dir='ltr'><strong>quid</strong></span> <span class='ocrx_word' id='word_1_255' title='bbox 961 2139 1057 2175; x_wconf 88' lang='lat' dir='ltr'><strong>iuris</strong></span> <span class='ocrx_word' id='word_1_256' title='bbox 1092 2139 1333 2186; x_wconf 84' lang='lat' dir='ltr'><strong>fundatores</strong></span> <span class='ocrx_word' id='word_1_257' title='bbox 1376 2138 1625 2174; x_wconf 86' lang='lat' dir='ltr'><strong>ecclesiarum</strong></span> <span class='ocrx_word' id='word_1_258' title='bbox 1665 2137 1701 2173; x_wconf 88' lang='lat' dir='ltr'><strong>in</strong></span> <span class='ocrx_word' id='word_1_259' title='bbox 1733 2137 1786 2173; x_wconf 87' lang='lat' dir='ltr'><strong>eis</strong></span> 
     </span>
     <span class='ocr_line' id='line_1_36' title="bbox 474 2194 1787 2246; baseline -0.003 -12"><span class='ocrx_word' id='word_1_260' title='bbox 474 2200 636 2235; x_wconf 83' lang='lat' dir='ltr'><strong>habeant</strong></span> <span class='ocrx_word' id='word_1_261' title='bbox 670 2199 729 2233; x_wconf 82' lang='lat' dir='ltr'><strong>vel</strong></span> <span class='ocrx_word' id='word_1_262' title='bbox 761 2198 852 2246; x_wconf 80' lang='lat' dir='ltr'><strong>quid</strong></span> <span class='ocrx_word' id='word_1_263' title='bbox 883 2209 968 2233; x_wconf 87' lang='lat' dir='ltr'><strong>non.</strong></span> <span class='ocrx_word' id='word_1_264' title='bbox 1003 2196 1158 2233; x_wconf 83' lang='lat' dir='ltr'><strong>Habent</strong></span> <span class='ocrx_word' id='word_1_265' title='bbox 1191 2197 1249 2232; x_wconf 85' lang='lat' dir='ltr'><strong>ius</strong></span> <span class='ocrx_word' id='word_1_266' title='bbox 1275 2196 1523 2245; x_wconf 76' lang='lat' dir='ltr'><strong>providendi,</strong></span> <span class='ocrx_word' id='word_1_267' title='bbox 1563 2194 1787 2231; x_wconf 86' lang='lat' dir='ltr'><strong>consulendi</strong></span> 
     </span>
     <span class='ocr_line' id='line_1_37' title="bbox 471 2252 1788 2305; baseline -0.003 -13"><span class='ocrx_word' id='word_1_268' title='bbox 471 2264 506 2293; x_wconf 85' lang='lat' dir='ltr'><strong>et</strong></span> <span class='ocrx_word' id='word_1_269' title='bbox 545 2257 786 2292; x_wconf 83' lang='lat' dir='ltr'><strong>sacerdotem</strong></span> <span class='ocrx_word' id='word_1_270' title='bbox 831 2255 1059 2305; x_wconf 73' lang='lat' dir='ltr'><strong>inveniendi,</strong></span> <span class='ocrx_word' id='word_1_271' title='bbox 1103 2255 1171 2290; x_wconf 89' lang='lat' dir='ltr'><strong>sed</strong></span> <span class='ocrx_word' id='word_1_272' title='bbox 1214 2267 1286 2290; x_wconf 84' lang='lat' dir='ltr'><strong>non</strong></span> <span class='ocrx_word' id='word_1_273' title='bbox 1325 2254 1464 2290; x_wconf 86' lang='lat' dir='ltr'><strong>habent</strong></span> <span class='ocrx_word' id='word_1_274' title='bbox 1502 2254 1559 2290; x_wconf 86' lang='lat' dir='ltr'><strong>ius</strong></span> <span class='ocrx_word' id='word_1_275' title='bbox 1598 2252 1788 2290; x_wconf 80' lang='lat' dir='ltr'><strong>vendendi</strong></span> 
     </span>
     <span class='ocr_line' id='line_1_38' title="bbox 472 2311 1839 2361; baseline -0.005 -11"><span class='ocrx_word' id='word_1_276' title='bbox 472 2315 532 2350; x_wconf 80' lang='lat' dir='ltr'><strong>vel</strong></span> <span class='ocrx_word' id='word_1_277' title='bbox 563 2313 735 2350; x_wconf 85' lang='lat' dir='ltr'><strong>donandi</strong></span> <span class='ocrx_word' id='word_1_278' title='bbox 766 2313 826 2349; x_wconf 77' lang='lat' dir='ltr'><strong>vel</strong></span> <span class='ocrx_word' id='word_1_279' title='bbox 858 2313 989 2349; x_wconf 87' lang='lat' dir='ltr'><strong>utendi</strong></span> <span class='ocrx_word' id='word_1_280' title='bbox 1019 2319 1201 2361; x_wconf 83' lang='lat' dir='ltr'><strong>tanquam</strong></span> <span class='ocrx_word' id='word_1_281' title='bbox 1228 2311 1416 2361; x_wconf 78' lang='lat' dir='ltr'><strong>propriis.</strong></span> <span class='ocrx_word' id='word_1_282' title='bbox 1801 2312 1839 2343; x_wconf 72' lang='lat'><strong>35</strong></span> 
     </span>
    </p>
   </div>
   <div class='ocr_carea' id='block_1_4' title="bbox 470 2524 1782 2597">
    <p class='ocr_par' dir='ltr' id='par_1_9' title="bbox 470 2524 1782 2597">
     <span class='ocr_line' id='line_1_39' title="bbox 537 2524 1782 2561; baseline -0.002 -6"><span class='ocrx_word' id='word_1_283' title='bbox 537 2526 562 2555; x_wconf 84' lang='lat'><strong>5.</strong></span> <span class='ocrx_word' id='word_1_284' title='bbox 601 2526 697 2555; x_wconf 88' lang='lat' dir='ltr'><strong>Cod.:</strong></span> <span class='ocrx_word' id='word_1_285' title='bbox 736 2526 1020 2554; x_wconf 83' lang='lat' dir='ltr'><strong>Sacramentorum.</strong></span> <span class='ocrx_word' id='word_1_286' title='bbox 1139 2525 1164 2553; x_wconf 82' lang='lat'><strong>8.</strong></span> <span class='ocrx_word' id='word_1_287' title='bbox 1205 2525 1301 2553; x_wconf 86' lang='lat' dir='ltr'><strong>Cod.:</strong></span> <span class='ocrx_word' id='word_1_288' title='bbox 1339 2525 1512 2561; x_wconf 85' lang='lat' dir='ltr'><strong>quicunque</strong></span> <span class='ocrx_word' id='word_1_289' title='bbox 1548 2524 1648 2559; x_wconf 82' lang='lat' dir='ltr'><strong>inquit</strong></span> <span class='ocrx_word' id='word_1_290' title='bbox 1682 2524 1782 2552; x_wconf 87' lang='lat' dir='ltr'><strong>twice.</strong></span> 
     </span>
     <span class='ocr_line' id='line_1_40' title="bbox 470 2559 1782 2597; baseline -0.002 -8"><span class='ocrx_word' id='word_1_291' title='bbox 470 2570 498 2597; x_wconf 81' lang='lat'><strong>9,</strong></span> <span class='ocrx_word' id='word_1_292' title='bbox 515 2570 556 2589; x_wconf 87' lang='lat'><strong>10.</strong></span> <span class='ocrx_word' id='word_1_293' title='bbox 577 2562 672 2590; x_wconf 85' lang='lat' dir='ltr'><strong>Cod.:</strong></span> <span class='ocrx_word' id='word_1_294' title='bbox 693 2561 900 2589; x_wconf 83' lang='lat' dir='ltr'><strong>contulerunt.</strong></span> <span class='ocrx_word' id='word_1_295' title='bbox 973 2567 1014 2595; x_wconf 85' lang='lat'><strong>19.</strong></span> <span class='ocrx_word' id='word_1_296' title='bbox 1034 2560 1132 2589; x_wconf 87' lang='lat' dir='ltr'><strong>Cod.:</strong></span> <span class='ocrx_word' id='word_1_297' title='bbox 1151 2560 1335 2596; x_wconf 79' lang='lat' dir='ltr'><strong>deliquente.</strong></span> <span class='ocrx_word' id='word_1_298' title='bbox 1408 2568 1453 2595; x_wconf 88' lang='lat'><strong>27.</strong></span> <span class='ocrx_word' id='word_1_299' title='bbox 1474 2567 1566 2595; x_wconf 77' lang='lat' dir='ltr'><strong>ergo.</strong></span> <span class='ocrx_word' id='word_1_300' title='bbox 1587 2559 1681 2587; x_wconf 82' lang='lat' dir='ltr'><strong>Cod.:</strong></span> <span class='ocrx_word' id='word_1_301' title='bbox 1702 2559 1782 2587; x_wconf 84' lang='lat' dir='ltr'><strong>volo.</strong></span> 
     </span>
    </p>
   </div>
   <div class='ocr_carea' id='block_1_5' title="bbox 470 2654 1784 2882">
    <p class='ocr_par' dir='ltr' id='par_1_10' title="bbox 470 2654 1784 2882">
     <span class='ocr_line' id='line_1_41' title="bbox 541 2654 1784 2699; baseline -0.001 -13"><span class='ocrx_word' id='word_1_302' title='bbox 541 2666 570 2686; x_wconf 84' lang='lat'><strong>2.</strong></span> <span class='ocrx_word' id='word_1_303' title='bbox 608 2655 751 2688; x_wconf 89' lang='lat' dir='ltr'><strong>Archid.</strong></span> <span class='ocrx_word' id='word_1_304' title='bbox 790 2656 872 2696; x_wconf 87' lang='lat' dir='ltr'><strong>Sup.</strong></span> <span class='ocrx_word' id='word_1_305' title='bbox 922 2655 1021 2687; x_wconf 85' lang='lat' dir='ltr'><strong>Decr.</strong></span> <span class='ocrx_word' id='word_1_306' title='bbox 1071 2665 1174 2686; x_wconf 87' lang='lat' dir='ltr'><strong>causa</strong></span> <span class='ocrx_word' id='word_1_307' title='bbox 1210 2655 1314 2699; x_wconf 78' lang='lat' dir='ltr'><strong>XVII,</strong></span> <span class='ocrx_word' id='word_1_308' title='bbox 1353 2665 1386 2697; x_wconf 91' lang='lat' dir='ltr'><strong>q.</strong></span> <span class='ocrx_word' id='word_1_309' title='bbox 1440 2655 1495 2693; x_wconf 87' lang='lat' dir='ltr'><strong>IV,</strong></span> <span class='ocrx_word' id='word_1_310' title='bbox 1551 2665 1624 2696; x_wconf 86' lang='lat' dir='ltr'><strong>cap.</strong></span> <span class='ocrx_word' id='word_1_311' title='bbox 1664 2654 1784 2686; x_wconf 83' lang='lat' dir='ltr'><strong>XLIII.</strong></span> 
     </span>
     <span class='ocr_line' id='line_1_42' title="bbox 470 2700 1781 2745; baseline -0.002 -12"><span class='ocrx_word' id='word_1_312' title='bbox 470 2701 503 2733; x_wconf 85' lang='lat'><strong>8.</strong></span> <span class='ocrx_word' id='word_1_313' title='bbox 529 2702 612 2743; x_wconf 86' lang='lat' dir='ltr'><strong>Cap.</strong></span> <span class='ocrx_word' id='word_1_314' title='bbox 641 2702 746 2732; x_wconf 90' lang='lat' dir='ltr'>XXX.</span> <span class='ocrx_word' id='word_1_315' title='bbox 849 2700 898 2732; x_wconf 88' lang='lat'><strong>16.</strong></span> <span class='ocrx_word' id='word_1_316' title='bbox 924 2700 1066 2732; x_wconf 85' lang='lat' dir='ltr'><strong>Archid.</strong></span> <span class='ocrx_word' id='word_1_317' title='bbox 1092 2702 1175 2743; x_wconf 86' lang='lat' dir='ltr'><strong>Sup.</strong></span> <span class='ocrx_word' id='word_1_318' title='bbox 1201 2702 1301 2734; x_wconf 86' lang='lat' dir='ltr'><strong>Decr.</strong></span> <span class='ocrx_word' id='word_1_319' title='bbox 1340 2711 1443 2733; x_wconf 86' lang='lat' dir='ltr'><strong>causa</strong></span> <span class='ocrx_word' id='word_1_320' title='bbox 1468 2700 1538 2745; x_wconf 85' lang='lat' dir='ltr'><strong>XII,</strong></span> <span class='ocrx_word' id='word_1_321' title='bbox 1583 2711 1615 2742; x_wconf 90' lang='lat' dir='ltr'><strong>q.</strong></span> <span class='ocrx_word' id='word_1_322' title='bbox 1642 2700 1666 2744; x_wconf 78' lang='grc' dir='ltr'><strong>Ι,</strong></span> <span class='ocrx_word' id='word_1_323' title='bbox 1708 2710 1781 2742; x_wconf 84' lang='lat' dir='ltr'><strong>cap.</strong></span> 
     </span>
     <span class='ocr_line' id='line_1_43' title="bbox 474 2746 1783 2789; baseline -0.002 -10"><span class='ocrx_word' id='word_1_324' title='bbox 474 2749 577 2780; x_wconf 89' lang='lat' dir='ltr'><strong>Certe</strong></span> <span class='ocrx_word' id='word_1_325' title='bbox 607 2746 700 2779; x_wconf 89' lang='lat' dir='ltr'><strong>hunc</strong></span> <span class='ocrx_word' id='word_1_326' title='bbox 732 2746 849 2779; x_wconf 86' lang='lat' dir='ltr'><strong>locum</strong></span> <span class='ocrx_word' id='word_1_327' title='bbox 879 2757 950 2778; x_wconf 91' lang='lat' dir='ltr'><strong>non</strong></span> <span class='ocrx_word' id='word_1_328' title='bbox 981 2746 1094 2779; x_wconf 88' lang='lat' dir='ltr'><strong>habet.</strong></span> <span class='ocrx_word' id='word_1_329' title='bbox 1194 2757 1246 2788; x_wconf 87' lang='lat'><strong>24.</strong></span> <span class='ocrx_word' id='word_1_330' title='bbox 1273 2748 1357 2789; x_wconf 86' lang='lat' dir='ltr'><strong>Cap.</strong></span> <span class='ocrx_word' id='word_1_331' title='bbox 1381 2747 1467 2780; x_wconf 93' lang='lat' dir='ltr'><strong>VIII.</strong></span> <span class='ocrx_word' id='word_1_332' title='bbox 1566 2747 1616 2780; x_wconf 84' lang='lat'><strong>30.</strong></span> <span class='ocrx_word' id='word_1_333' title='bbox 1643 2747 1783 2778; x_wconf 87' lang='lat' dir='ltr'><strong>Rectius</strong></span> 
     </span>
     <span class='ocr_line' id='line_1_44' title="bbox 470 2792 1780 2835; baseline -0.001 -10"><span class='ocrx_word' id='word_1_334' title='bbox 470 2795 520 2825; x_wconf 82' lang='lat' dir='ltr'><strong>De</strong></span> <span class='ocrx_word' id='word_1_335' title='bbox 548 2794 652 2824; x_wconf 73' lang='lat' dir='ltr'><strong>poen.</strong></span> <span class='ocrx_word' id='word_1_336' title='bbox 681 2794 756 2824; x_wconf 78' lang='lat' dir='ltr'><strong>dist.</strong></span> <span class='ocrx_word' id='word_1_337' title='bbox 775 2794 815 2832; x_wconf 87' lang='lat' dir='ltr'><strong>V,</strong></span> <span class='ocrx_word' id='word_1_338' title='bbox 844 2803 917 2835; x_wconf 88' lang='lat' dir='ltr'><strong>cap.</strong></span> <span class='ocrx_word' id='word_1_339' title='bbox 938 2793 976 2826; x_wconf 87' lang='grc' dir='ltr'><strong>ΙΙ.</strong></span> <span class='ocrx_word' id='word_1_340' title='bbox 999 2792 1172 2832; x_wconf 84' lang='lat' dir='ltr'><strong>Qualitas.</strong></span> <span class='ocrx_word' id='word_1_341' title='bbox 1272 2794 1323 2826; x_wconf 79' lang='lat'><strong>31.</strong></span> <span class='ocrx_word' id='word_1_342' title='bbox 1352 2793 1485 2825; x_wconf 88' lang='lat' dir='ltr'><strong>Decreti</strong></span> <span class='ocrx_word' id='word_1_343' title='bbox 1514 2793 1666 2824; x_wconf 86' lang='lat' dir='ltr'><strong>secunda</strong></span> <span class='ocrx_word' id='word_1_344' title='bbox 1691 2803 1780 2835; x_wconf 86' lang='lat' dir='ltr'><strong>pars,</strong></span> 
     </span>
     <span class='ocr_line' id='line_1_45' title="bbox 470 2839 1068 2882; baseline 0.003 -12"><span class='ocrx_word' id='word_1_345' title='bbox 470 2850 573 2870; x_wconf 78' lang='lat' dir='ltr'><strong>causa</strong></span> <span class='ocrx_word' id='word_1_346' title='bbox 598 2839 686 2877; x_wconf 81' lang='lat' dir='ltr'>XVI,</span> <span class='ocrx_word' id='word_1_347' title='bbox 714 2839 836 2882; x_wconf 81' lang='lat' dir='ltr'><strong>q.V11‚</strong></span> <span class='ocrx_word' id='word_1_348' title='bbox 864 2849 937 2881; x_wconf 83' lang='lat' dir='ltr'><strong>cap.</strong></span> <span class='ocrx_word' id='word_1_349' title='bbox 963 2839 1068 2873; x_wconf 91' lang='lat' dir='ltr'><strong>XXX.</strong></span> 
     </span>
    </p>
   </div>
  </div>
 </body>
</html>
