2050 3292
214 1568 282 1595 The
303 1576 414 1602 prayer
433 1568 468 1595 of

216 1612 231 1629 a
254 1600 370 1630 wicked
392 1611 463 1630 man

245 1638 320 1665 does
342 1639 440 1665 barm.

916 234 975 284 [ΒΕ
1004 238 1140 272 CIVILI
1168 238 1377 273 DOMINIO.
1580 227 1686 283 [CAP.
1707 237 1802 268 xxn.

495 356 635 393 capere
673 356 883 393 possumus
926 345 1225 396 intelligenciam
1277 348 1544 396 spiritualem,·
1591 349 1627 385 si
1676 356 1802 385 tamen

495 409 771 438 convertamur
792 403 843 438 ad
857 403 1067 439 Dominum
1090 412 1125 440 et
1141 405 1356 441 libertatem
1374 405 1533 441 sciencie
1547 406 1802 455 requiramus,

494 460 572 495 Sed
615 461 805 508 quomodo
833 473 1040 509 possumus
1071 462 1242 499 invenire
1273 463 1487 499 libertatem
1522 464 1585 512 qui
1613 464 1803 500 servimus

492 518 634 562 seculo,
664 519 876 567 peccunie?
907 519 971 567 qui
999 520 1192 556 servimus
1217 521 1419 557 desideriis
1441 522 1600 557 carnis?
1631 521 1722 572 Ego
1745 534 1804 558 me

494 575 613 624 ipsum
652 576 834 625 corripio,
879 588 952 626 ego
990 589 1050 613 me
1088 578 1209 626 ipsum
1250 579 1388 622 iudico,
1427 591 1500 629 ego
1539 591 1643 615 meas
1674 580 1836 628 culpas5

492 646 632 683 arguo.
676 633 836 669 Videant
867 634 931 682 qui
960 635 1121 670 audiunt
1151 637 1254 684 quod
1285 637 1331 672 de
1361 644 1479 672 semet
1501 637 1591 686 ipsis
1612 637 1804 683 semlant,-

493 703 566 741 ego
599 691 750 727 interim
785 692 868 728 dico
901 693 1003 740 quod
1034 694 1154 730 donec
1176 695 1292 730 alicui
1313 696 1449 730 horum
1472 695 1599 731 servio
1623 708 1695 731 non
1718 708 1800 731 sum

493 761 702 785 conversus
732 750 785 785 ad
815 750 1038 796 Dominum,
1082 764 1155 787 non
1197 765 1280 788 sum
1320 760 1543 788 consecutus
1574 753 1802 799 libertatem,

494 807 611 843 donec
643 807 735 842 talia
769 820 828 843 me
859 809 1019 858 negocia
1051 816 1086 844 et
1118 810 1267 846 solicitu
1287 806 1289 862 l
1310 810 1415 846 dines
1446 811 1664 860 stringunt:
1694 812 1804 847 Illius
1847 811 1924 845 188Οι

493 865 590 900 enim
624 877 645 900 a
678 877 750 912 quo
773 866 1026 916 constringor
1048 868 1201 916 negocii
1221 876 1255 904 et
1277 868 1531 905 solicitudinis
1552 881 1688 905 servus
1703 882 1801 905 sum.
1823 882 1860 903 10

493 922 580 958 Scio
624 923 721 958 enim
765 924 953 972 scriptum
996 936 1078 960 esse
1122 925 1208 973 quia
1254 926 1510 974 unusquisque
1545 939 1567 961 a
1604 939 1678 975 quo
1716 940 1802 963 con-

494 980 660 1016 vincitur
683 981 769 1016 lzuic
791 993 927 1017 servus
949 982 1155 1019 addicitur.
1190 984 1297 1019 Unde
1320 984 1405 1020 licet
1428 996 1486 1020 me
1509 997 1621 1020 amor
1645 985 1804 1034 pecunie

493 1050 565 1074 non
608 1046 775 1086 superet,
821 1039 907 1075 licet
945 1041 1230 1088 possessionum
1269 1049 1304 1077 et
1336 1042 1564 1078 diviciarum
1604 1054 1698 1078 cura
1730 1055 1802 1079 non

493 1096 664 1146 stringit,
710 1097 836 1133 laudis
880 1105 1005 1133 tamen
1050 1098 1212 1147 cupidus
1255 1112 1338 1135 sum
1384 1107 1420 1135 et
1460 1100 1632 1150 gloriam
1677 1108 1804 1136 sector

493 1155 713 1192 humanam.
760 1155 802 1189 Si
833 1155 878 1190 de
911 1156 1076 1192 vultibus
1114 1157 1307 1193 hominum
1341 1158 1481 1207 pendo,
1521 1158 1612 1206 quid
1650 1159 1720 1194 iste
1758 1160 1859 1194 de15

493 1224 552 1247 me
581 1212 737 1259 senciat,
771 1214 961 1260 quomodo
994 1213 1063 1249 iste
1094 1227 1153 1250 me
1185 1223 1333 1264 reputet
1366 1223 1401 1251 et
1432 1228 1477 1251 ne
1499 1216 1558 1251 illi
1579 1216 1801 1265 displiceam

491 1270 526 1305 si
553 1269 611 1305 illi
636 1271 837 1319 placeam;
868 1271 998 1317 donec,
1032 1271 1175 1319 inquit,
1210 1273 1280 1309 ista
1303 1273 1472 1322 requiro,
1505 1286 1641 1310 servus
1664 1275 1801 1310 horum

491 1340 575 1363 sum
609 1335 644 1363 et
669 1340 745 1376 per
776 1340 1007 1378 consequens
1033 1331 1219 1378 proditor
1249 1331 1326 1367 Dei
1356 1331 1440 1370 mei.

550 1387 604 1421 Ex
637 1385 720 1422 istis
752 1395 863 1434 patet
894 1387 1100 1423 conclusio
1123 1388 1344 1436 supposita,
1377 1388 1468 1426 ideo
1491 1388 1693 1436 signanter
1716 1402 1802 1437 pre—
1840 1392 1853 1423 I

493 1442 588 1491 cipit
610 1443 792 1480 Christus
815 1443 895 1480 suis
919 1444 1124 1492 discipulis
1156 1448 1265 1494 quod
1298 1455 1462 1483 caveant
1493 1460 1514 1482 a
1548 1447 1723 1496 crapula,
1755 1448 1801 1483 ab
1818 1460 1861 1481 20

492 1501 673 1537 ebrietate
704 1509 739 1538 et
771 1502 874 1538 curis
908 1501 1018 1539 liuius
1051 1504 1137 1549 vite,
1172 1507 1276 1541 Luce
1310 1506 1408 1551 XXI,
1444 1516 1510 1553 34.

548 1560 734 1596 Secunda
766 1560 988 1597 conclusio:
1023 1561 1169 1598 Oracio
1201 1562 1363 1599 viatoris
1396 1564 1489 1598 dum
1524 1572 1663 1610 peccat
1697 1576 1802 1600 rnor-

490 1616 623 1653 taliter
660 1619 807 1654 nedum
842 1627 950 1655 caret
983 1619 1125 1656 merito
1158 1622 1292 1668 quoad
1331 1620 1560 1657 oracionem
1596 1629 1632 1657 et
1664 1634 1802 1669 quem-

492 1687 649 1724 cunque
682 1675 805 1712 alium
838 1689 911 1724 pro
945 1690 1024 1725 quo
1058 1685 1146 1713 orat
1174 1691 1311 1715 verum
1345 1678 1491 1715 iniuste
1523 1679 1720 1715 subtrahit
1753 1681 1801 1716 ab

492 1733 579 1769 aliis
612 1735 716 1770 bona
750 1733 881 1781 gracie
912 1735 973 1771 vel
1006 1737 1171 1783 peiorat.
1207 1738 1317 1772 Patet
1350 1749 1394 1773 ex
1425 1737 1502 1773 hoc
1534 1739 1641 1785 quod
1671 1737 1802 1774 omnis
1819 1740 1859 1771 25

492 1791 580 1827 talis
613 1800 753 1839 peccat
786 1792 975 1829 continue
1005 1793 1197 1841 quicquid
1229 1794 1336 1843 facit,
1371 1802 1412 1830 ut
1436 1803 1545 1841 patet
1566 1796 1671 1831 XLII
1696 1795 1803 1843 capi-

491 1849 574 1885 tulo
618 1849 726 1885 libri
754 1851 822 1896 1113
868 1851 937 1886 sed
980 1851 1111 1887 omnis
1158 1860 1346 1900 peccator
1390 1851 1605 1889 iniuriatur
1643 1855 1727 1889 Deo
1767 1862 1804 1889 et

492 1907 686 1955 proximo,
726 1915 769 1943 ut
812 1917 921 1955 patet
952 1908 1085 1956 primo
1128 1910 1231 1946 libro
1277 1918 1314 1946 et
1350 1911 1508 1946 XXVIII
1548 1910 1664 1947 huius
1696 1912 1729 1946 V
1761 1924 1804 1947 ex

491 1965 597 2002 dicto
619 1966 839 2012 Anshelmi,
865 1979 959 2014 ergo
983 1968 1199 2007 conclusio.
1233 1967 1274 2004 Si
1307 1968 1411 2004 enim
1446 1967 1478 2004 is
1498 1981 1570 2016 pro
1603 1981 1683 2017 quo
1716 1978 1805 2005 orat

491 2032 639 2071 perstet
672 2023 712 2060 in
746 2023 894 2071 gracia,
928 2034 1023 2061 tunc
1058 2038 1139 2061 non
1163 2026 1378 2062 deteriorat
1407 2025 1537 2073 ipsum
1569 2028 1636 2063 sed
1663 2026 1804 2062 minuit
1821 2031 1862 2062 30

490 2082 549 2118 vel
589 2082 788 2118 subtrahit
828 2092 1085 2129 augmentum
1126 2083 1259 2131 gracie
1293 2085 1399 2132 quod
1439 2083 1612 2120 iuvando
1645 2086 1806 2122 deberet

491 2140 770 2187 superaddere,
806 2139 912 2177 iuxta
951 2140 1049 2176 illud
1072 2143 1184 2180 Rom.
1212 2143 1314 2188 XIII,
1345 2142 1388 2179 8:
1421 2141 1577 2178 Nemini
1605 2143 1803 2192 quicquam

491 2198 660 2234 debeatis
692 2198 764 2234 nisi
796 2206 834 2234 ut
867 2199 1026 2235 invicem
1062 2200 1248 2250 diligatis.
1297 2201 1398 2235 Nam
1429 2197 1434 2251 Ι
1462 2200 1592 2236 omnis
1625 2213 1716 2248 pars
1748 2202 1804 2236 in·
1847 2202 1925 2247 189⁸

489 2255 648 2303 tegralis
693 2257 809 2292 debet
855 2256 990 2293 iuvare
1036 2257 1246 2307 reliquam⁷
1288 2270 1382 2305 ergo
1418 2258 1541 2294 multo
1575 2258 1803 2295 evidencius

489 2325 730 2362 quecunque
768 2327 860 2362 pars
900 2314 1065 2351 ecclesie
1105 2315 1220 2352 debet
1259 2315 1480 2363 quamlibet
1513 2316 1712 2355 adiuvare.
1763 2316 1860 2352 Si35

489 2379 622 2406 autern
670 2371 701 2407 is
733 2385 806 2420 pro
840 2385 919 2420 quo
952 2373 1042 2409 talis
1075 2382 1163 2409 orat
1201 2372 1250 2409 sit
1282 2373 1477 2421 prescitus
1516 2373 1684 2410 crimine
1716 2386 1803 2421 pre-

489 2437 688 2476 gravatus,
727 2438 822 2466 tunc
861 2430 1092 2466 huiusmodi
1125 2440 1262 2467 orator
1296 2441 1484 2478 aggravat
1523 2440 1732 2480 peccatum
1767 2441 1803 2468 et

489 2499 559 2534 per
582 2499 831 2536 consequens
854 2501 1012 2536 penam.
1036 2490 1083 2524 Et
1107 2488 1173 2525 illa
1196 2498 1253 2525 est
1272 2489 1474 2526 sentencia
1499 2489 1603 2526 beati
1620 2489 1803 2537 Gregorii

557 2677 571 2706 3
592 2679 651 2706 and
671 2688 699 2713 4.
722 2679 817 2707 Cod.:
839 2680 1028 2708 servivimus.
1101 2688 1130 2714 4,
1150 2680 1175 2707 5.
1197 2680 1292 2708 Cod.:
1319 2683 1443 2715 egomet
1461 2680 1569 2714 ipsum.
1642 2688 1684 2707 ιο.
1706 2679 1800 2718 Cod3:

486 2721 505 2740 a
526 2714 621 2741 deest.
695 2722 717 2741 11
746 2721 784 2741 12.
800 2715 894 2742 Cod.:
917 2715 1098 2742 convicitur.
1172 2714 1211 2742 13.
1228 2714 1325 2742 Coei..-
1343 2718 1477 2750 superat.
1551 2714 1595 2742 28.
1617 2713 1743 2742 XXVIII
1760 2722 1803 2741 Sic

487 2748 555 2776 cod.
577 2748 697 2776 Rectius
717 2736 814 2777 XVII]
834 2750 901 2776 vide
923 2758 1027 2784 supra.

558 2842 611 2874 26.
637 2843 687 2874 De
711 2843 813 2875 Civili
840 2844 1003 2874 Dominio
1028 2844 1051 2883 I,
1081 2844 1143 2877 335
1171 2853 1270 2885 seqq.
