2050 3292
195 240 279 288 464
922 246 982 278 DE
1010 246 1147 279 C1V1L1
1173 246 1387 278 DOMINIO.
1578 232 1686 289 [CAP.
1709 242 1805 270 xxn.

212 361 362 396 Example
381 360 461 400 frnom
489 361 532 389 ut
564 361 673 401 patet
705 355 729 392 I.
764 351 1006 400 Paralipom.
1040 353 1160 388 XXIII
1193 360 1232 389 et
1262 351 1378 398 infra,
1421 350 1477 388 sic
1511 351 1705 388 Salomon
1739 352 1804 388 de-

216 395 474 465 adffgbgsfissgngs
490 410 624 459 posuit
667 412 717 446 ad
762 410 1078 447 stabilimentum
1124 409 1235 458 regni
1274 409 1334 446 sui
1366 408 1560 446 Abiathar
1598 422 1801 446 summum

275 465 397 500 priests.
488 468 734 516 pontificem,
768 476 813 504 ut
843 476 954 516 patet
986 469 1033 505 III
1076 469 1171 515 Reg.
1205 469 1256 515 ΙΙ;
1303 466 1359 503 sic
1391 467 1580 503 Ezechias
1613 468 1663 503 IV
1707 469 1802 516 Reg.

486 526 622 571 XVIII,
665 525 722 562 sic
753 525 881 562 Josias
915 526 964 561 IV
1007 527 1103 574 Reg.
1135 525 1238 561 XXII
1283 526 1562 562 destruxerunt
1608 533 1738 562 errata
1781 538 1802 562 a

485 584 565 620 suis
589 583 914 632 progenitoribus
937 592 974 620 et
997 583 1269 620 rectificarunt
1292 582 1332 619 in
1355 583 1630 620 sacerdotibus
1651 584 1800 619 cultum
1821 585 1836 617 5

485 641 569 680 Dei.
602 643 650 678 Et
673 643 835 678 demum
860 641 1039 678 Christus
1063 641 1245 677 omnium
1275 640 1436 677 illorum
1471 640 1575 676 filius
1609 641 1802 677 destruxit

485 699 700 736 blasfemos
734 698 976 747 presbiteros
1008 700 1224 735 Judeorum
1260 700 1361 735 XLII
1401 711 1507 734 anno
1540 707 1631 746 post
1664 711 1800 735 ascen—

484 757 638 793 sionem
664 770 734 806 per
751 757 887 793 Titum
912 766 950 794 et
967 756 1257 805 Vespesianum
1282 756 1486 804 principes
1510 758 1798 803 Romanorum,

484 814 641 851 dicente
685 815 879 863 Gregorio
924 815 1081 851 Omelia
1126 816 1176 850 IX
1220 814 1288 850 ubi
1334 826 1473 862 supra:
1521 814 1613 850 Post
1658 814 1804 851 domini

483 873 743 909 ascensionem
768 881 802 909 et
819 880 909 922 post
932 885 1059 909 necem
1082 872 1228 919 Jacobi,
1263 872 1327 921 qui
1346 872 1478 908 Justus
1494 879 1549 908 est
1571 873 1801 922 appellatus,
1823 884 1860 906 io

482 931 682 967 suscitavit
702 931 897 967 Dominus
917 932 1128 967 adversum
1148 930 1291 966 Judeos
1313 930 1580 966 Romanorum
1607 930 1804 980 principes

492 988 760 1038 Vespesianum
785 996 819 1026 et
845 990 1001 1040 Tytum,
1029 996 1185 1038 patrem
1219 995 1254 1024 et
1272 988 1404 1037 filium
1435 988 1532 1024 iusto
1555 988 1634 1024 Dei
1662 988 1802 1025 iudicio

483 1054 643 1097 agentes
674 1054 715 1083 ut
743 1047 810 1097 qui
834 1054 990 1096 patrem
1024 1054 1059 1083 et
1079 1046 1211 1096 filiurn
1246 1046 1439 1083 necaverit
1461 1058 1482 1081 a
1511 1053 1627 1095 patre
1656 1054 1691 1082 et
1712 1046 1802 1096 filio

484 1112 731 1141 necarentur.
783 1104 898 1141 Unde
947 1104 990 1142 in
1042 1103 1210 1141 historia
1255 1104 1398 1141 horum
1449 1103 1595 1151 legitur
1639 1104 1802 1141 devotus

483 1163 609 1210 Tytus
633 1162 776 1199 dixisse
800 1175 891 1199 curn
912 1162 1075 1199 vidisset
1098 1161 1360 1199 cadaveribus
1394 1170 1647 1198 mortuorum
1681 1163 1802 1199 valles
1822 1163 1858 1196 15

485 1221 657 1268 repletas
692 1228 730 1256 et
760 1228 886 1257 totam
921 1220 1093 1268 patriam
1118 1233 1162 1257 ex
1191 1233 1329 1257 eorum
1363 1220 1488 1256 fetore
1517 1218 1520 1271 Ι
1551 1229 1800 1268 corruptam:
1845 1221 1923 1254 188⁸

483 1279 612 1324 Flens,
658 1278 789 1327 inquit
822 1279 1001 1323 historia,
1047 1279 1188 1314 levavit
1226 1290 1363 1314 manus
1401 1278 1453 1313 ad
1490 1279 1611 1314 celum
1653 1278 1802 1315 dicens:

485 1336 651 1373 Domine
682 1337 800 1380 Deus,
839 1345 877 1372 tu
916 1336 1017 1383 scis„
1044 1337 1146 1384 quod
1177 1348 1250 1387 ego
1284 1336 1352 1372 hec
1384 1348 1458 1372 non
1488 1336 1613 1384 facio.
1665 1337 1715 1373 Et
1745 1336 1801 1373 sic

485 1402 575 1442 post
608 1394 861 1431 dotacionem
897 1393 1063 1431 ecclesie
1102 1394 1248 1442 legitur
1287 1394 1432 1430 multos
1472 1395 1637 1430 devotos
1676 1394 1802 1443 impe-

486 1461 638 1488 ratores
678 1452 918 1489 rectificasse
952 1454 1155 1489 Romanos
1194 1451 1418 1500 pontifices,
1459 1460 1496 1488 et
1535 1452 1635 1488 forte
1674 1452 1706 1488 si
1744 1452 1801 1488 in—
1819 1464 1860 1485 20

485 1518 598 1557 grata
620 1509 896 1557 irreligiositas
919 1518 1150 1547 nostrorum
1170 1509 1422 1558 pontificum,
1439 1511 1659 1547 secundum
1680 1523 1801 1559 quam

205 1564 467 1634 Taeicthpderffiiiiiiigf
486 1568 689 1604 declinant
733 1581 755 1604 a
788 1569 959 1615 Christo,
1003 1576 1210 1616 vergentes
1254 1569 1305 1604 ad
1337 1569 1530 1615 seculum,
1576 1568 1678 1604 foret
1710 1581 1799 1604 cum

235 1634 436 1661 endowrnent
485 1625 782 1672 irreligiositate
837 1626 1112 1674 predictorum
1172 1625 1408 1674 pontificum
1464 1626 1648 1674 inposita,
1702 1638 1801 1674 eque

192 1668 470 1739 ggffldtossoffiegssyff
484 1683 608 1720 libere
641 1696 685 1720 ex
716 1684 904 1732 opposito
937 1697 1042 1732 pena
1074 1683 1298 1720 oblacionis
1330 1684 1391 1720 vel
1424 1683 1670 1721 detencionis
1702 1692 1801 1720 tem-

484 1742 683 1789 poralium
730 1742 834 1778 iuxta
882 1742 1013 1790 posita
1056 1754 1156 1790 pene
1202 1755 1321 1790 quarn
1369 1741 1536 1790 predicti
1589 1742 1800 1790 pontifices
1818 1744 1857 1777 25

486 1800 731 1837 sustulerunt
761 1812 843 1836 non
875 1800 916 1836 in
950 1800 1119 1836 minima
1152 1812 1273 1837 arena
1307 1799 1441 1847 maris,
1482 1801 1555 1836 hec
1593 1812 1695 1848 pena
1729 1813 1801 1837 sua

485 1858 598 1906 culpa
652 1857 810 1906 gravior
862 1867 1087 1907 appareret.
1142 1857 1456 1894 Considerarent
1507 1857 1630 1905 igitur
1674 1870 1799 1906 reges,

484 1915 699 1963 principes,
751 1929 844 1964 ymo
900 1916 1045 1953 milites
1088 1924 1133 1952 ut
1182 1924 1275 1952 sunt
1318 1916 1418 1952 tales
1463 1917 1570 1964 quod
1624 1928 1667 1952 ex
1708 1924 1801 1953 voto

482 1982 666 2010 tenentur
699 1975 910 2011 defendere
944 1983 1114 2011 matrem
1148 1987 1261 2010 suam
1289 1973 1424 2022 gladio
1448 1974 1662 2022 corporali.
1696 1976 1801 2010 Con-

484 2031 662 2068 siderent
692 2033 870 2068 secundo
903 2034 1012 2080 quod
1046 2032 1174 2068 maius
1207 2031 1429 2080 periculum
1467 2031 1606 2068 matris
1632 2045 1700 2068 sue
1723 2041 1801 2068 stat
1818 2035 1859 2066 30

484 2089 524 2125 in
564 2090 839 2126 sacerdotibus
883 2090 1120 2127 abalienatis
1164 2098 1398 2136 retrorsum,
1445 2089 1512 2138 qui
1557 2091 1662 2126 bona
1705 2102 1802 2138 pau-

484 2159 640 2194 perum,
673 2160 810 2195 ymmo
843 2148 1022 2198 ecclesie,
1055 2156 1246 2196 tanquam
1279 2147 1395 2185 alieni
1421 2147 1493 2184 filii
1523 2146 1687 2184 ecclesie
1720 2161 1801 2184 ma-

483 2205 730 2253 lignancium
765 2206 928 2254 rapiunt
960 2215 998 2242 et
1031 2206 1278 2254 disperdunt,
1312 2214 1355 2242 ut
1399 2205 1549 2242 dictum
1594 2214 1652 2242 est
1694 2205 1801 2253 capi-

484 2263 569 2299 tulo
600 2264 686 2299 XIV
719 2263 836 2300 huius
858 2265 903 2303 V.
942 2266 990 2300 Et
1022 2276 1065 2300 ex
1098 2263 1174 2300 illis
1208 2264 1451 2300 concludant
1483 2264 1569 2300 zelo
1601 2263 1801 2312 prosperi—

484 2321 576 2357 tatis
608 2321 669 2358 vie
702 2330 740 2358 et
771 2321 900 2370 patrie
933 2321 1113 2358 debitum
1146 2321 1207 2358 sui
1240 2320 1362 2358 officii
1395 2321 1435 2357 in
1469 2321 1669 2360 effectum.
1818 2324 1857 2356 35

248 2384 297 2411 No
318 2393 427 2420 wrong
544 2380 622 2415 Sed
670 2388 809 2416 contra
852 2379 957 2416 istud
1002 2379 1181 2427 arguitur
1225 2378 1350 2416 tercio
1395 2379 1555 2416 obiectu
1602 2378 1801 2428 promisso
1839 2383 1868 2412 H

195 2419 470 2482 tqussledfobtfnggrnse-
485 2437 669 2484 superius
693 2438 885 2474 XXXVIII
918 2437 1095 2486 capitulo
1119 2439 1168 2474 III
1201 2437 1333 2474 huius.
1365 2437 1532 2474 Videtur
1566 2439 1669 2473 enim
1693 2438 1800 2486 quod

486 2494 641 2531 domini
674 2496 872 2532 seculares
905 2495 1139 2544 superstites
1168 2495 1456 2532 iniuriarentur
1480 2495 1800 2543 progenitoribus

486 2552 565 2588 suis
598 2553 855 2590 fundantibus
888 2554 974 2590 illas
1009 2553 1197 2590 ecclesias
1230 2552 1423 2601 spoliatas
1456 2562 1494 2590 et
1523 2552 1662 2590 hocin
1685 2552 1800 2589 bonis

557 2729 585 2753 o.
607 2721 700 2749 Cod.:
724 2722 778 2750 ubi
794 2722 889 2750 deest.
911 2722 981 2749 Non
1003 2726 1048 2749 est
1067 2721 1204 2749 Homilia
1224 2720 1264 2749 lx
1287 2721 1340 2748 sed
1360 2720 1504 2755 XXXIX;
1526 2720 1578 2748 sed
1600 2724 1627 2747 et
1647 2720 1696 2747 hic
1716 2720 1802 2748 Iocus

487 2756 529 2784 ibi
551 2756 644 2783 deest.
716 2756 763 2791 39.
785 2757 880 2784 Cod.:
901 2757 1049 2792 spoliare.

561 2852 614 2893 37.
641 2852 690 2882 De
718 2852 818 2883 Civili
847 2853 1013 2883 Dominio
1040 2853 1062 2891 I,
1089 2862 1166 2894 pag.
1195 2862 1260 2894 274
1286 2862 1386 2893 seqq.
