2050 3292
229 207 317 235 CAP.
342 196 451 253 xxm]
701 209 834 240 LIBER
860 208 1069 240 TERTius
1738 199 1814 246 481

228 315 347 352 simul
380 315 694 352 communicabit
728 328 815 352 cum
851 314 1128 351 claustralibus
1160 313 1199 349 in
1232 312 1533 361 temporalibus,
1580 309 1794 370 enncigrivariieiins

229 386 276 410 ne
321 381 460 419 aretur
496 373 535 409 in
581 375 678 410 bove
711 381 747 409 et
780 373 905 419 asino,
951 380 1107 420 oportet
1139 371 1368 419 episcopum
1405 370 1534 407 dotari
1551 378 1597 405 for
1622 379 1671 416 the
1692 382 1822 411 support

231 433 277 467 de
310 430 598 479 temporalibus
632 430 903 467 dominorum.
953 431 1013 466 Ad
1048 430 1126 466 hoc.
1155 430 1387 476 respondet:
1426 429 1533 471 Sunt,
1601 413 1770 482 Οῇῐξῇξιὲἔ

230 488 372 537 inquit,
397 489 480 525 loca
503 489 716 535 immunera,
742 496 781 524 ut
803 488 977 524 novimus
993 499 1134 534 omnes,
1159 487 1195 522 in
1210 486 1532 522 monasteriorum

198 547 418 595 5asscripta
463 547 688 582 vocabulum
733 547 802 582 sed
845 545 962 581 nichil
998 557 1167 594 prorsus
1210 543 1417 580 monastice
1448 556 1534 579 con-

231 604 463 641 versacionis
506 604 700 649 lzabencia,
747 616 766 640 e
808 604 942 652 quibus
986 602 1097 638 velim
1132 602 1259 651 aliqua
1300 602 1346 637 de
1378 601 1535 637 luxuria

230 663 281 697 ad
312 662 537 708 castitatem,
572 662 618 697 de
650 662 817 697 vanitate
848 662 899 696 ad
931 660 1244 709 temperanciam,
1291 660 1336 695 de
1359 659 1536 707 intempe*

231 720 363 755 rancia
398 720 542 755 ventris
573 727 607 755 et
637 720 730 769 gule
761 720 812 754 ad
843 718 1115 755 continenciam
1141 725 1174 753 et
1201 717 1382 766 pietatem
1407 716 1538 752 cordi-s

229 778 419 828 synodica
465 777 695 813 auctoritate
738 777 1032 825 transferantur
1075 783 1187 824 atque
1230 774 1265 810 in
1300 774 1535 810 adiutorium

178 857 214 877 10
230 836 332 870 sedis
364 835 591 884 episcopalis
623 847 692 883 que
724 847 845 883 nuper
877 833 1056 870 ordinari
1099 833 1232 868 debeat
1275 839 1537 868 assumantur.

231 893 282 927 Et
325 893 411 941 quia
455 893 675 929 huiusmodi
709 893 827 941 plura
872 899 906 928 et
938 891 1110 927 maxima
1149 897 1236 926 sunt
1269 889 1351 926 loca
1384 902 1465 937 que,
1499 896 1539 924 ut

232 950 350 1000 vulgo
384 950 460 986 dici
489 951 597 997 solet,
637 962 754 998 neque
785 949 870 986 Deo
904 961 1019 998 neque
1052 948 1265 984 hominibus
1297 947 1405 983 utilia
1438 954 1537 986 sunt.

232 1008 316 1056 quia
362 1008 537 1043 videlicet
581 1019 697 1056 neque
741 1008 941 1057 regularis
978 1006 1185 1043 secundum
1218 1004 1347 1042 Deum
1381 1005 1431 1040 ibi
1462 1004 1539 1039 vita

230 1072 424 1111 servatur,
469 1078 586 1114 neque
628 1066 694 1101 illa
739 1065 878 1101 milites
907 1065 987 1101 sive
1024 1064 1179 1100 comites
1209 1062 1442 1099 secularium
1473 1074 1540 1111 po-

115 1132 193 1177 19511
231 1130 403 1159 testatem
438 1124 502 1171 qui
527 1120 531 1175 l
558 1130 711 1173 gentem
745 1130 917 1159 nostram
951 1135 972 1158 a
1005 1122 1183 1158 barbaris
1213 1121 1421 1170 defendant
1448 1132 1540 1169 pos⁴

231 1181 374 1217 sident:
424 1181 459 1217 si
508 1182 590 1229 quis
633 1181 668 1216 in
713 1181 854 1217 eisdem
900 1180 991 1229 ipsis
1035 1179 1128 1215 locis
1164 1191 1238 1228 per
1281 1178 1539 1214 necessitatem

231 1239 416 1287 temporis
458 1240 586 1274 sedem
632 1238 873 1288 episcopatus
917 1238 1123 1274 constituat
1167 1249 1238 1272 non
1272 1237 1420 1285 culpam
1449 1247 1541 1284 pre-

232 1296 484 1332 varicacionis
534 1296 735 1332 incurrere
783 1297 852 1332 sed
903 1308 996 1345 opus
1047 1294 1201 1330 virtutis
1252 1294 1379 1344 magis
1421 1305 1544 1343 agere

226 1354 470 1403 probabitur.
526 1355 602 1390 Sed
648 1353 742 1402 quia
784 1353 908 1390 tercio
948 1352 1052 1389 obici
1085 1351 1232 1400 poterit
1265 1360 1403 1388 contra
1434 1350 1540 1387 idem

176 1424 301 1459 20vper
345 1412 421 1447 hoc
464 1413 572 1460 quod
616 1424 697 1448 non
729 1411 821 1448 licet
853 1411 1073 1459 quidquam
1107 1409 1255 1446 auferri
1294 1410 1343 1446 ab
1376 1408 1542 1446 ecclesia

233 1469 370 1505 alciori
416 1478 452 1505 et
495 1469 720 1517 specialiter
764 1482 785 1505 a
830 1468 1023 1516 religiosis
1074 1469 1123 1504 ad
1172 1466 1404 1515 episcopum
1452 1466 1539 1514 plus

233 1527 436 1563 declinans
451 1527 643 1574 seculum,
676 1526 769 1563 facit
803 1527 852 1563 ad
884 1528 959 1563 hoc
988 1526 1234 1575 quadruplex
1258 1532 1537 1573 argumentum

232 1584 453 1621 iustificans
485 1584 589 1621 idem
614 1585 775 1621 factum.
811 1584 988 1620 Primum
1023 1583 1204 1632 procedit
1228 1595 1272 1619 ex
1304 1584 1392 1629 hoc,
1433 1583 1540 1630 quod

234 1655 333 1690 opus
366 1642 522 1679 virtutis
555 1651 612 1679 est
646 1651 776 1679 errata
810 1642 1019 1690 corrigere.
1078 1642 1292 1687 Quomodo,
1328 1640 1469 1688 inquit,
1503 1640 1828 1687 1'113edeassertsil1e

177 1708 426 1750 25peccatum
445 1700 621 1750 reputari
647 1707 786 1749 potest,
819 1700 853 1736 si
873 1700 1011 1735 iniusta
1028 1699 1247 1749 principum
1272 1698 1411 1734 iudicia
1436 1705 1539 1733 recto
1556 1682 1636 1742 ¹³32}
1654 1681 1828 1743 {gl-222⁶&

233 1758 434 1794 meliorum
479 1758 698 1807 principum
749 1758 925 1794 examine
976 1758 1231 1807 corrigantur
1274 1769 1319 1792 ac
1371 1756 1541 1791 mendax
1625 1750 1750 1785 abuses,

232 1816 342 1852 stilus
384 1816 600 1852 scribarum
644 1816 860 1864 iniquorum
914 1815 1078 1851 discreta
1122 1815 1357 1864 prudentum
1409 1825 1541 1849 sacer-

235 1875 363 1910 dotum
396 1874 584 1910 sentencia
617 1874 792 1909 deleatur
822 1885 867 1909 ac
900 1873 1106 1923 redigatur
1136 1873 1171 1908 in
1205 1872 1401 1909 nichilum.

166 1941 196 1971 V
292 1933 521 1968 Secundum
556 1940 835 1979 argumentum
870 1931 1051 1979 procedit
1082 1942 1125 1966 ex
1148 1930 1237 1966 loco
1262 1942 1283 1965 a
1307 1928 1426 1965 simili
1451 1941 1539 1964 cum
1570 1935 1629 1962 and
1653 1935 1758 1973 pleads
1779 1935 1829 1962 the

179 1998 220 2030 30
235 1990 274 2025 in
317 1989 436 2026 veteri
492 1997 744 2039 testamento,
796 1990 958 2037 quando
1009 1987 1248 2036 temporalia
1299 1994 1412 2023 erant
1455 1986 1542 2034 plus
1557 1971 1697 2031 Ε’Ῐέξζῗῇξῖῗ
1710 1971 1818 2039 12³1ssng

235 2060 387 2091 annexa
437 2047 723 2096 sacerdotibus,
774 2047 873 2083 lecta
929 2055 985 2083 est
1035 2047 1140 2083 facta
1186 2044 1276 2082 talis
1313 2043 1543 2081 translacio.

235 2105 483 2154 Exemplum,
526 2104 668 2153 inquit,
713 2105 895 2140 habemus
936 2116 1049 2140 sacre
1079 2103 1238 2140 historie
1269 2114 1338 2151 que
1369 2110 1545 2151 tempora

237 2173 376 2214 regum
417 2163 518 2198 Juda
564 2176 585 2199 a
624 2162 756 2198 David
798 2169 832 2198 et
870 2163 1075 2198 Salomone
1117 2173 1233 2210 usque
1276 2161 1327 2196 ad
1370 2160 1542 2195 ultimum

237 2221 461 2257 Sedechiam
501 2220 719 2256 describe-ns
756 2220 957 2256 nonnullos
993 2220 1142 2268 quidem
1183 2218 1388 2268 religiosos
1425 2218 1461 2253 in
1495 2217 1546 2253 eis

181 2285 220 2318 35
232 2280 440 2328 pluresque
471 2278 657 2327 reprobos
688 2278 861 2314 extitisse
892 2278 1071 2328 designat
1103 2277 1319 2325 vicibusque
1349 2276 1545 2311 alternan—

125 2344 200 2386 195c
238 2337 336 2373 tibus
379 2349 476 2373 nunc
519 2336 655 2385 impios
698 2336 883 2372 bonorum
929 2348 1000 2384 quo
1032 2343 1119 2371 ante
1146 2329 1150 2388 Ι
1178 2346 1218 2370 se
1240 2334 1408 2383 fuerant
1431 2333 1545 2381 sacta

195 2420 198 2423 «
240 2395 466 2444 reprobare,
499 2406 597 2430 nunc
629 2406 647 2429 e
674 2394 871 2430 contrario
904 2394 1023 2429 iustos
1061 2393 1262 2442 impiorum
1296 2391 1359 2440 qui
1388 2403 1428 2427 se
1455 2402 1545 2439 pre-

240 2460 434 2489 cesserant
462 2460 573 2503 gesta
605 2451 739 2487 nociva
766 2459 888 2501 prout
925 2451 1063 2487 iustum
1097 2457 1182 2486 erat
1219 2450 1372 2485 iuvante
1402 2460 1441 2484 se
1473 2447 1549 2482 Dei

239 2510 379 2560 spiritu
407 2523 481 2559 per
507 2510 720 2559 prophetas
752 2517 904 2545 sanctos
926 2521 971 2545 ac
992 2509 1213 2544 sacerdotes
1236 2507 1341 2543 omni
1360 2506 1545 2542 instancia

182 2584 227 2614 40
242 2568 462 2605 correxisse
505 2568 612 2603 iuxta
658 2567 756 2602 illud
798 2567 898 2603 beati
937 2567 1042 2602 Ysaie
1081 2565 1316 2615 precinentis
1346 2571 1457 2613 atque
1490 2563 1544 2598 di-

241 2626 378 2662 centis:
410 2626 591 2661 Dissolve
613 2624 873 2675 obligaciones
897 2625 1151 2660 violentarum
1176 2630 1244 2659 etc.
1275 2630 1347 2670 qu'o
1369 2621 1547 2670 exemplo

313 2734 348 2765 ¹².·
371 2724 465 2765 Cod.;
486 2733 505 2752 a
525 2725 628 2760 vulgo.
703 2732 742 2751 21.
767 2723 861 2751 Cod.:
883 2723 996 2751 alciori
1014 2724 1089 2750 after
1110 2722 1280 2758 religiosis.
1384 2719 1428 2755 39.
1451 2719 1545 2747 Cod.:

243 2769 309 2787 cum
329 2764 490 2787 nzstancm.

314 2817 344 2841 2.
371 2810 469 2841 Deut.
495 2808 595 2847 XXII,
626 2816 675 2838 10.

314 2864 357 2890 De
377 2864 465 2891 Civili
486 2863 643 2890 Dominio.
662 2862 714 2888 111.
1369 2859 1407 2892 31
