2050 3292
201 230 281 278 636

251 1320 274 1347 It
295 1320 320 1347 is
340 1329 427 1347 more

241 1363 345 1382 severe
363 1356 435 1382 than

240 1391 437 1452 anyfinatural

326 1432 367 1452 re.

212 2198 236 2225 It
256 2198 395 2225 includes
415 2198 465 2225 the

237 2233 306 2268 pain
328 2233 362 2260 of
379 2233 442 2260 loss

236 2267 309 2294 with
329 2268 393 2294 that
414 2268 448 2294 of

288 2310 385 2329 sense.

914 237 972 267 DE
1001 236 1136 267 civttt
1162 235 1373 267 DOMINIO.
1546 222 1657 277 [CAP.
1673 232 1795 260 xxvii.

490 343 589 379 mira
621 342 822 379 celeritate
855 342 960 390 rapit
990 342 1051 378 vel
1084 341 1190 378 elicit
1221 341 1491 378 intencionem
1524 341 1585 378 vel
1623 341 1797 389 speciem

488 414 510 438 a
555 413 721 449 corpore
764 400 922 436 obiecto
955 401 1063 448 quod
1096 400 1390 448 apprehensum
1424 400 1495 435 sub
1529 398 1689 436 racione
1722 398 1798 434 dis·

490 458 771 495 conveniencie
816 466 884 494 aut
929 457 1186 505 displicencie
1232 465 1369 494 causat
1411 469 1569 505 penam.
1623 459 1671 492 Et
1707 456 1797 492 ideo

489 518 605 553 docet
636 518 721 552 XXI
761 516 820 552 De
854 515 1024 552 Civitate
1058 515 1130 551 Dei
1165 515 1340 563 capitulo
1373 516 1423 550 X:
1464 515 1633 562 Spiritus
1671 514 1797 550 incor-

483 587 627 624 poreos
657 581 862 623 separatos
889 586 1004 622 posse
1031 585 1133 622 pena
1163 573 1383 622 corporalis
1412 573 1514 623 ignis
1542 572 1674 622 affligi
1702 572 1831 612 sz'cut5

483 640 647 681 possunt
677 632 712 667 in
746 643 925 680 corpore.
958 631 1009 667 Et
1033 633 1171 667 beatus
1194 630 1409 678 Gregorius
1433 632 1481 666 IV
1505 631 1798 678 Dyalogorum:

488 691 622 740 Ignem
655 689 814 738 spiritus
845 702 887 725 eo
921 689 999 738 ipso
1027 690 1180 738 patitur
1211 701 1283 737 quo
1317 689 1418 724 videt
1456 696 1490 724 et
1523 688 1610 737 quia
1643 700 1799 724 concre-

489 748 592 783 mari
620 759 660 782 se
691 747 841 796 aspicit,
874 753 1156 784 concrematur.
1202 748 1250 782 Et
1282 748 1426 794 probat
1458 758 1604 794 penam
1636 745 1799 793 spiritus

489 817 559 852 per
581 805 714 852 ignem
744 817 788 840 ex
810 804 878 840 illo
904 806 996 843 Luc.
1021 806 1120 850 XVI,
1142 816 1208 853 19:
1239 804 1405 840 Crucior
1427 804 1462 839 in
1484 805 1555 840 hac
1572 803 1738 853 flamma
1763 812 1801 839 et

487 863 624 901 Matth.
647 863 762 907 XXV,
786 870 861 907 41:
895 862 951 898 Ite
979 863 1176 898 maledicti
1202 862 1238 897 in
1267 862 1400 912 ignum
1424 869 1609 904 eternum,
1633 861 1697 909 qui
1710 873 1801 910 pre·
1821 878 1859 900 ιο

481 928 648 970 paratus
675 927 732 956 est
764 920 949 970 dyabolo.
984 921 1033 955 Et
1065 919 1204 956 asserit
1235 919 1368 968 ignem
1401 919 1511 955 illum
1543 931 1626 955 esse
1660 931 1801 966 corpo—

489 991 615 1014 reum.
665 980 746 1013 Nec
780 977 947 1013 miretur
980 977 1244 1025 philosophus
1278 979 1325 1013 de
1357 978 1432 1013 hac
1464 989 1580 1025 pena,
1614 989 1705 1013 cum
1740 989 1801 1013 ex-
1842 984 1851 1014 Ι

489 1035 667 1084 perimus
718 1047 792 1071 nos
836 1037 1056 1071 secundum
1101 1035 1413 1083 ymaginativam
1459 1048 1530 1082 per
1574 1034 1762 1082 sompnia
1797 1030 1800 1087 J

489 1093 785 1142 quantumlibet
816 1101 975 1129 terrena
1008 1103 1045 1129 et
1078 1106 1159 1130 non
1194 1093 1323 1129 minus
1357 1105 1477 1140 quam
1509 1092 1645 1141 vigiles
1669 1093 1803 1140 quoad
1842 1098 1923 1140 257c

489 1153 664 1188 animam
712 1151 896 1195 cruciari,
942 1159 1092 1199 quanto
1138 1151 1266 1199 magis
1311 1163 1401 1187 cum
1447 1150 1596 1186 erimus
1635 1150 1676 1186 in
1708 1157 1858 1198 pur-15

488 1209 644 1257 gatorio
668 1209 834 1245 omnino
856 1209 994 1256 vigiles
1018 1221 1088 1257 per
1111 1221 1297 1256 soporem
1333 1221 1472 1245 sensus
1505 1208 1688 1256 corporei
1721 1221 1802 1244 non

489 1266 680 1310 distracti,
727 1267 795 1303 sed
841 1267 946 1303 clare
992 1274 1279 1315 cognoscentes
1322 1268 1372 1302 ad
1417 1279 1501 1303 esse
1541 1267 1648 1314 quod
1692 1274 1802 1302 tante

488 1325 604 1361 nobis
650 1324 847 1372 displicet.
900 1326 947 1360 Et
992 1324 1066 1373 isto
1112 1326 1233 1361 modo
1265 1322 1513 1371 intelligendi
1552 1333 1641 1360 sunt
1674 1323 1801 1360 sancti

489 1383 666 1419 dicentes
689 1383 798 1430 quod
820 1381 922 1430 ignis
945 1382 1166 1430 purgatorii
1190 1391 1345 1418 tantum
1371 1382 1522 1418 excedit
1544 1382 1585 1418 in
1606 1381 1801 1429 operandi

489 1440 628 1477 acucie
666 1440 800 1487 ignem
833 1448 1015 1476 nostrum
1051 1448 1244 1488 quantum
1278 1439 1380 1487 ignis
1411 1439 1608 1476 naturalis
1640 1447 1803 1487 superat
1819 1455 1861 1477 20

489 1498 620 1545 ignem
658 1497 830 1546 pictum3
873 1497 1103 1545 intelligunt
1137 1506 1179 1534 ut
1214 1497 1358 1534 estimo
1395 1499 1614 1534 secundum
1651 1497 1801 1545 penali-

488 1565 610 1592 tatem
665 1555 842 1592 accionis
892 1555 1171 1592 intencionalis
1224 1567 1300 1604 que
1352 1555 1513 1592 racione
1571 1555 1802 1603 capacitatis

488 1613 651 1662 spiritus
684 1622 845 1661 superat
877 1625 1037 1650 omnem
1068 1626 1213 1662 penam
1239 1625 1475 1661 corpoream
1499 1614 1801 1662 quodammodo

488 1671 655 1708 infinite.
708 1671 899 1708 Videmus
952 1671 1056 1707 enim
1110 1672 1219 1720 quod
1266 1671 1518 1709 melancolici
1564 1671 1803 1708 naturaliter

488 1729 634 1775 timidi,
680 1741 769 1765 cum
816 1729 1096 1767 melancoliam
1144 1741 1219 1777 que
1264 1737 1322 1765 est
1366 1730 1567 1766 obiectum
1613 1729 1799 1765 timorem
1818 1736 1857 1768 25

489 1787 665 1823 efficiens
701 1795 863 1834 portant
894 1800 1050 1832 secum3
1086 1787 1213 1835 magis
1235 1787 1324 1834 vigil
1356 1786 1519 1835 spiritus
1552 1787 1591 1823 in
1623 1795 1726 1823 tetro
1756 1800 1801 1823 ac

488 1845 703 1893 fuliginoso
747 1846 837 1881 loco
869 1845 1041 1881 violente
1086 1845 1263 1881 intrusus
1307 1844 1347 1880 in
1391 1858 1469 1892 quo
1505 1846 1719 1881 reducetur
1751 1846 1801 1881 ad

490 1902 573 1938 eius
608 1902 845 1939 memoriam
869 1911 951 1939 tam
977 1911 1158 1939 recenter
1180 1903 1278 1938 illud
1300 1904 1408 1951 quod
1437 1912 1595 1940 tantum
1620 1902 1804 1951 displicet

489 1960 622 1997 sensui
653 1968 732 1997 tam
769 1960 920 2009 capaci,
966 1961 1121 2009 appetit
1152 1962 1257 1997 enim
1290 1961 1526 1998 naturaliter
1557 1960 1800 2011 libertatem,

489 2019 659 2066 langwet
704 2018 809 2054 circa
854 2018 1145 2055 beatitudinem
1180 2027 1395 2066 speratam,
1441 2031 1561 2067 quam
1596 2018 1802 2067 cognoscit
1819 2024 1860 2056 30

490 2088 533 2112 ex
567 2077 684 2124 culpa
706 2076 766 2113 vie
789 2076 1025 2112 stultissime
1048 2086 1085 2113 et
1107 2089 1197 2113 cum
1221 2076 1356 2124 gracia
1379 2076 1527 2113 Christi
1557 2076 1801 2124 paratissimi

489 2135 540 2170 ad
573 2133 802 2170 evitandum
835 2133 1025 2170 facillima
1059 2136 1107 2171 ad
1132 2133 1190 2170 sui
1213 2134 1455 2182 vituperium
1485 2144 1522 2171 et
1545 2134 1800 2182 dispendium

490 2193 710 2237 retardata;
745 2200 781 2228 et
809 2191 864 2228 sic
897 2191 1062 2240 punitur
1093 2201 1173 2228 tam
1209 2204 1313 2240 pena
1345 2192 1510 2240 dampni
1544 2205 1664 2240 quam
1698 2204 1801 2240 pena

490 2261 626 2285 sensus
660 2257 698 2285 et
731 2251 839 2297 quod
874 2250 1042 2286 multum
1075 2249 1228 2286 cruciat
1262 2262 1365 2298 pena
1399 2263 1442 2286 ex
1478 2250 1632 2286 defectu
1660 2250 1799 2286 volun-

489 2306 580 2343 tatis
614 2316 651 2343 et
684 2307 863 2355 corporis
896 2320 977 2344 non
1001 2316 1057 2344 est
1080 2307 1296 2346 meritoria.
1330 2307 1642 2344 Consideremus
1665 2307 1800 2356 itaque
1818 2315 1857 2347 35

490 2377 580 2400 cum
615 2373 765 2412 quanto
797 2366 992 2413 languore
1025 2374 1145 2414 atque
1178 2365 1362 2402 molestia
1384 2365 1548 2402 ferimus
1572 2365 1799 2402 carenciam

489 2422 694 2458 commodi
738 2423 973 2471 temporalis
1017 2432 1055 2460 et
1092 2423 1336 2460 arbitramur
1373 2425 1592 2460 secundum
1631 2436 1800 2472 propor-

490 2479 644 2516 cionem
679 2492 819 2517 sensus
853 2489 890 2517 et
923 2481 1180 2517 beatitudinis
1214 2493 1356 2529 penam
1383 2481 1543 2529 spiritus
1566 2481 1622 2518 sic
1644 2481 1801 2529 purgati

557 2680 588 2704 4.
615 2671 711 2698 Cod.:
742 2671 803 2698 Dei
826 2672 921 2699 deest.
1003 2672 1030 2699 8.
1056 2673 1175 2707 aspicit.
1203 2673 1297 2700 Cod.:
1325 2673 1436 2708 “(ffiCst-
1518 2681 1565 2706 24.
1593 2673 1800 2706 naturaliter,-

490 2706 584 2733 adde:
605 2709 685 2733 sunt.
759 2705 801 2733 33.
823 2706 918 2733 Cod.:
941 2707 1145 2734 retardatam.
1219 2706 1261 2735 35.
1284 2708 1377 2735 Com:
1403 2708 1651 2735 Consideremur.

559 2799 591 2828 4.
619 2789 710 2831 Opp.
738 2796 820 2821 tom.
841 2790 912 2829 VII,
939 2801 1014 2832 pag.
1042 2789 1120 2822 631.
1215 2790 1245 2823 ὅ.
1273 2792 1319 2823 St.
1344 2791 1500 2833 Gregorii
1529 2791 1613 2822 Dist.
1642 2791 1696 2833 IV7
1724 2801 1796 2833 cap.

492 2836 609 2872 XXtX„
638 2836 729 2877 Opp.
756 2842 840 2868 tom.
868 2837 903 2879 11,
932 2847 1008 2878 pag.
1034 2847 1112 2880 4²9·
