2050 3292
198 217 280 265 498
916 223 974 253 DE
1003 223 1138 254 C1V1L1
1166 222 1373 254 DOMiNio.
1558 210 1667 263 [CAP.
1688 219 1796 247 xxm.

197 338 276 365 How
298 337 471 371 dangerous
487 328 715 366 huiusmodi
760 328 1009 374 simulatum,
1055 328 1147 376 quia
1191 329 1286 364 dum
1319 340 1399 364 non
1433 327 1686 375 cognoscitur
1718 341 1799 365 non

197 373 460 435 theycsslruergssfne
487 395 646 424 cavetur
679 387 745 423 sed
787 398 831 423 ex
863 385 991 434 spissa
1026 394 1063 422 et
1094 385 1300 433 inprovisa
1344 385 1516 422 mixtura
1560 398 1651 422 cum
1685 386 1798 434 agnis

487 444 750 482 exterminant
774 442 1010 491 religionem
1036 443 1198 493 Christi,
1231 443 1325 492 quia
1357 442 1463 480 iuxta
1496 442 1797 480 conclusionem

487 501 751 539 Chrisostomi
790 510 885 538 tunc
924 500 1027 538 servi
1058 500 1220 548 dyaboli
1258 500 1430 549 pessime
1463 501 1795 538 christianitatem

486 568 751 608 corrumpunt
797 572 876 607 quo
908 571 949 596 se
987 558 1178 595 simulant
1223 558 1475 597 christianos.
1528 561 1620 596 Ideo
1655 559 1830 597 debenti

485 619 669 655 doctores
698 615 702 669 Ι
731 616 897 654 ecclesie
940 616 1117 665 linguam
1149 626 1344 665 tanquam
1383 629 1519 653 arcum
1552 618 1717 654 tendere
1749 619 1800 654 ad
1838 627 1901 650 202

485 675 717 713 huiusmodi
769 674 967 712 hereticos
1020 676 1321 721 destruendum,
1385 674 1538 711 domini
1600 676 1799 713 seculares

486 747 627 771 manus
660 741 872 782 operantes
906 732 1115 769 extendere
1148 734 1198 770 ad
1230 732 1460 770 huiusmodi
1490 735 1798 779 destruendum3

485 791 686 840 simplices
730 799 863 828 autem
910 792 1055 828 debent
1099 790 1138 826 in
1171 791 1306 839 fugam
1339 791 1514 836 tendere,
1555 793 1799 828 transeundo

485 852 532 887 de
566 849 698 886 medio
732 861 885 895 eorum,
919 857 956 885 et
988 849 1044 885 sic
1077 848 1246 885 ecclesia
1279 849 1394 885 debet
1416 848 1628 897 tripliciter
1651 850 1699 885 de
1722 849 1799 886 illis
1819 860 1857 881 10

484 909 702 946 attendere.
754 906 912 943 Noticia
957 915 1088 943 autem
1131 915 1296 954 propter
1326 906 1707 955 sophisticacionem
1743 915 1800 944 est

482 967 597 1003 valde
630 964 819 1011 difficilis,
852 964 943 1001 ideo
978 964 1072 1001 dicit
1094 964 1249 1001 Veritas
1271 966 1447 1002 secundo
1480 964 1798 1013 descripcionem

485 1037 638 1069 eorum,
686 1025 779 1059 dum
827 1022 923 1059 dicit
968 1024 1076 1071 quod
1122 1023 1275 1059 veniunt
1319 1023 1354 1058 z'n
1395 1023 1626 1059 vestimentis
1658 1023 1799 1070 ovium,

483 1083 551 1118 sed
582 1081 812 1117 intrinsecus
843 1088 930 1117 sunt
963 1081 1046 1130 lupi
1076 1092 1252 1130 rapaces.
1292 1080 1434 1117 Omnis
1467 1080 1572 1118 enim
1606 1080 1696 1117 talis
1729 1082 1799 1117 du-

485 1139 641 1188 plicitas
675 1147 712 1175 et
744 1140 873 1175 solum
908 1138 997 1175 talis
1030 1138 1125 1175 facit
1158 1137 1375 1183 hereticos3
1409 1140 1515 1175 unde
1538 1151 1678 1176 omnes
1701 1139 1800 1176 tales
1820 1138 1855 1170 15

484 1211 566 1234 non
610 1197 751 1245 pocius
795 1205 886 1233 sunt
931 1195 1138 1233 christiani
1183 1209 1305 1244 quam
1353 1205 1518 1233 truncus
1562 1196 1800 1234 vestimento

485 1254 660 1292 hominis
708 1254 870 1291 indutus
902 1255 962 1291 vel
1007 1255 1124 1303 lupus
1157 1254 1241 1291 ovis
1286 1254 1457 1302 pellibus
1500 1254 1703 1292 involutus
1742 1264 1801 1292 est

486 1315 608 1350 homo
640 1313 700 1349 vel
744 1312 840 1356 ovis,
887 1320 923 1348 et
967 1325 1038 1361 per
1081 1324 1329 1361 consequens
1368 1312 1543 1360 perversi
1581 1313 1724 1361 prelati
1769 1313 1800 1350 si

486 1379 577 1408 sunt
610 1370 840 1407 huiusmodi
871 1382 952 1406 non
985 1375 1077 1407 sunt
1110 1382 1226 1418 pape,
1266 1370 1441 1418 episcopi
1476 1371 1536 1407 vel
1575 1369 1708 1408 clerici
1740 1372 1800 1408 vel

486 1430 714 1466 sacerdotes
747 1430 814 1465 sed
848 1427 1092 1464 dolosissimi
1125 1427 1375 1466 Antichristi.
1817 1438 1858 1460 20

545 1486 648 1532 Quia
680 1495 811 1523 autem
843 1486 964 1522 homo
997 1499 1077 1522 non
1110 1485 1287 1535 intuetur
1316 1486 1445 1523 corin
1470 1499 1549 1534 quo
1571 1487 1668 1524 latet
1688 1488 1800 1535 lupa-

489 1544 599 1588 citas‚
634 1544 725 1581 ideo
739 1543 896 1580 Veritas
918 1544 1043 1580 tercio
1067 1545 1184 1580 docet
1207 1543 1381 1580 medium
1418 1545 1685 1592 cognoscendi
1709 1558 1798 1582 cum

489 1602 601 1639 dicit:
635 1602 667 1638 A
687 1603 890 1651 fructibus
923 1614 1055 1638 eorum
1090 1602 1332 1652 cognoscetis
1363 1615 1437 1639 eos.

236 1678 332 1706 Error
353 1679 379 1705 js
398 1679 447 1705 the
548 1660 682 1696 Primo
715 1668 848 1697 autem
883 1659 1064 1696 omnium
1099 1661 1320 1696 secundum
1346 1659 1640 1697 Crisostomum
1675 1670 1801 1698 atten-
1843 1661 1869 1691 L

230 1714 325 1741 result
346 1714 380 1741 of
397 1713 453 1741 sin.
490 1720 620 1755 denda
644 1727 701 1755 est
724 1717 982 1755 conversacio
1005 1717 1194 1765 virtuosa,
1227 1717 1321 1767 quia
1353 1731 1433 1755 non
1457 1728 1625 1766 possunt
1648 1731 1802 1757 errores
1819 1718 1858 1750 25

490 1777 692 1825 prevalere
738 1775 777 1812 in
821 1774 998 1822 homine,
1045 1775 1121 1812 nisi
1154 1785 1364 1824 peccatum
1398 1777 1646 1824 precesserit,
1693 1777 1803 1826 prius

490 1833 595 1871 enim
628 1834 803 1882 peccatis
827 1843 1035 1871 excecatur
1058 1835 1181 1871 homo
1204 1843 1241 1870 et
1263 1843 1352 1882 post
1380 1834 1540 1882 dyaboli
1563 1835 1803 1873 seduccione

490 1891 700 1940 decipitur,
735 1891 837 1928 sicut
868 1893 950 1929 sole
982 1893 1140 1929 lucente
1172 1905 1249 1929 nox
1280 1905 1361 1929 non
1390 1894 1580 1943 prevalet,
1613 1893 1645 1929 si
1667 1903 1804 1931 tamen

490 1950 684 1987 occiderit
715 1962 791 1986 nox
827 1951 1020 1986 mundum
1055 1959 1238 1999 occupat.
1290 1949 1425 1987 Primo
1465 1963 1558 1999 ergo
1598 1959 1658 1989 est
1689 1951 1804 1989 bonis

490 2008 680 2056 operibus
702 2007 963 2056 vigilandum,
996 2017 1039 2044 ut
1066 2008 1122 2045 sic
1148 2008 1325 2046 sciamus
1358 2008 1585 2046 discernere
1617 2010 1678 2045 fru
1697 2006 1700 2063 Ι
1719 2018 1804 2047 ctus
1852 2024 1912 2046 202

490 2066 680 2102 virtutum
716 2078 738 2101 a
769 2065 874 2103 foliis
906 2067 965 2102 vel
1000 2066 1115 2103 malis
1147 2066 1340 2103 fructibus
1372 2066 1582 2103 viciorum.

205 2130 255 2156 An
279 2129 459 2156 Christians
551 2124 653 2169 Quia
686 2136 780 2171 ergo
813 2136 952 2160 omnes
986 2124 1194 2161 christiani
1220 2133 1313 2161 sunt
1334 2126 1543 2173 prophete,
1577 2124 1673 2174 quia
1695 2126 1804 2163 uncti

225 2164 457 2225 ῗξξθρὲἳρὲιῗζίἶ
493 2183 541 2218 ad
575 2181 670 2217 fides
703 2181 959 2218 absconditas
976 2182 1278 2230 predicandum,
1312 2191 1349 2219 et
1381 2183 1438 2220 sic
1460 2195 1541 2220 non
1564 2183 1693 2220 solum
1717 2184 1804 2220 falsi

493 2241 679 2276 doctores
702 2241 920 2277 Judeorum
947 2239 1028 2276 sive
1060 2240 1284 2288 gentilium,
1317 2241 1385 2277 sed
1416 2241 1491 2289 ipsi
1524 2241 1805 2278 nominetenus

493 2297 710 2343 christiani,
744 2297 824 2334 sive
858 2297 990 2334 clerici
1023 2297 1103 2336 sive
1135 2299 1250 2346 layci,
1285 2299 1351 2347 qui
1384 2299 1549 2336 veniunt
1582 2300 1632 2336 ad
1662 2313 1731 2336 vos
1763 2309 1806 2336 ut
1822 2304 1861 2338 35

492 2368 560 2392 vos
594 2357 778 2405 perdant,
811 2355 1017 2403 signanter
1045 2366 1239 2393 vocantur
1271 2357 1358 2394 falsi
1394 2357 1587 2405 prophete
1619 2369 1642 2395 a
1674 2357 1805 2406 capite

494 2414 802 2461 prophetarum3
836 2426 906 2462 per
938 2415 1014 2450 hoc
1047 2423 1179 2451 autem
1206 2416 1314 2463 quod
1338 2415 1492 2451 veniunt
1514 2416 1550 2451 in
1574 2415 1806 2452 vestimentis

493 2471 633 2518 ovium,
676 2471 716 2506 id
761 2480 819 2508 est
863 2473 1087 2517 doctorum,
1133 2472 1201 2521 qui
1245 2474 1391 2510 debent
1435 2485 1519 2510 esse
1564 2473 1805 2510 maturiores

493 2529 619 2576 agnis,
664 2538 827 2565 notatur
871 2531 978 2577 quod
1024 2530 1088 2567 isti
1134 2532 1475 2578 pseudodoctores
1519 2539 1609 2568 sunt
1653 2531 1805 2579 precise

493 2587 746 2634 precavendi.
801 2586 912 2624 Licet
956 2588 1060 2624 enim
1107 2588 1275 2637 quilibet
1321 2589 1560 2626 christianus
1599 2591 1862 2637 peccand040

561 2743 587 2771 8.
609 2744 792 2771 huiusmodi.
809 2744 903 2771 Cod.:
926 2745 1026 2772 liuius.
1101 2745 1140 2772 13.
1155 2745 1250 2772 Cod.:
1271 2745 1385 2773 dicunt.
1459 2744 1505 2773 30.
1524 2746 1578 2773 sic.
1599 2745 1693 2774 Cod.:
1714 2747 1804 2774 sicut.

564 2836 615 2866 24.
643 2827 664 2858 1.
691 2837 719 2858 c.
748 2837 825 2869 pag.
852 2828 970 2860 XCIV.
