2050 3292
249 205 330 253 658

296 325 473 362 Summary.

266 1364 365 1400 Chap.
387 1364 499 1393 XXIII.

965 213 1022 243 DE
1051 212 1185 243 civim
1214 212 1422 244 D0M1Nio.
1593 200 1704 253 [CAP.
1725 208 1850 236 xxvn.

537 327 574 354 et
605 318 778 355 inculcat
811 317 1011 365 duplicem
1048 316 1320 365 septenarium
1361 329 1528 365 operum
1563 316 1849 363 misericordie,

536 376 741 412 narrando
788 375 988 423 duplicem
1036 387 1199 412 causam
1251 387 1376 422 quare
1422 374 1509 422 ipsa
1554 387 1675 422 opera
1715 374 1755 410 in
1789 375 1851 411 die

537 433 674 470 iudicii
726 432 916 476 renitant3
978 434 1154 470 secundo
1205 432 1418 469 obiciendo
1470 434 1517 469 de
1574 432 1852 469 subtraccione

536 491 754 528 elemosine
792 490 1095 539 progenitorum
1130 499 1335 538 retorquet
1367 489 1607 526 instanciam
1642 491 1691 526 ad
1725 503 1850 538 oppo-

536 549 670 594 situm,
716 549 960 585 declarando
1004 548 1136 596 primo
1176 549 1282 596 quod
1317 547 1424 585 avari
1464 556 1555 585 sunt
1589 547 1759 585 maxime
1793 548 1884 584 in-5

536 606 720 654 dispositi
754 608 804 643 ad
838 608 1051 654 orandum,
1085 607 1263 642 secundo
1297 606 1406 653 quod
1439 605 1527 642 talis
1558 614 1676 641 nocet
1709 605 1782 642 sibi
1814 614 1852 642 et

536 663 750 701 universali
786 664 951 700 ecclesie
985 673 1022 700 et
1054 663 1295 712 dampnatis,
1328 664 1450 699 tercio
1483 664 1591 711 quod
1625 663 1851 711 expedicius

535 723 596 758 vel
629 721 761 759 minus
793 722 942 758 malurn
977 722 1079 758 foret
1113 734 1193 758 non
1225 722 1372 757 habere
1404 720 1634 758 huiusmodi
1657 730 1850 760 oratores.

535 782 590 816 Ex
637 779 718 817 istis
764 779 882 816 infert
926 779 1130 816 conclusio
1174 779 1412 815 naturaliter
1459 778 1567 827 quod
1607 778 1851 827 ubicumque

537 838 683 874 suerint
725 837 1002 886 progenitores
1046 836 1304 873 dominorum
1343 836 1603 884 superstitum
1643 836 1910 884 expediensxo

538 895 640 932 foret
663 894 938 943 omniquaque
961 894 1270 932 elemosinarum
1296 894 1556 941 rectificacio;
1588 893 1713 931 tercio
1735 895 1852 931 docet

534 954 643 1001 quod
665 952 754 989 talis
775 952 1017 989 rectificacio
1040 952 1251 1000 extirparet
1273 964 1429 989 errores
1444 951 1621 999 ecclesie,
1646 953 1849 989 narrando

534 1011 574 1047 in
618 1023 719 1059 quos
763 1011 1031 1047 communiter
1068 1010 1251 1047 incidunt
1282 1010 1514 1047 fundatores
1547 1011 1595 1046 de
1628 1009 1850 1047 collacione

535 1068 764 1115 elemosine,
824 1081 996 1117 quorum
1055 1068 1219 1117 quintus
1279 1077 1336 1104 est
1386 1069 1495 1116 quod
1547 1068 1636 1115 plus
1688 1068 1849 1116 prodest

532 1126 737 1164 fundatori
783 1139 903 1175 quarn
949 1126 1029 1174 alii,
1075 1134 1113 1163 et
1155 1134 1320 1162 octavus
1353 1127 1462 1175 quod
1495 1125 1679 1174 specialis
1711 1125 1904 1162 oraci0¹5

533 1185 622 1233 plus
665 1185 827 1232 prodest
870 1192 913 1221 ut
957 1184 1013 1221 sic
1045 1196 1166 1233 quarn
1200 1183 1337 1220 oracio
1371 1183 1586 1232 generalis;
1632 1192 1669 1221 et
1702 1192 1847 1232 quarto

534 1242 747 1279 confirmat
779 1241 1024 1280 sentenciam
1060 1243 1108 1278 de
1140 1242 1347 1279 ablacione
1379 1254 1422 1278 ex
1456 1241 1662 1278 sentencia
1684 1254 1847 1279 venera—

533 1300 623 1337 bilis
656 1301 761 1337 Bede
794 1309 868 1337 etc.

590 1358 821 1406 Capitulum
854 1358 1087 1395 vicesimum
1123 1357 1291 1394 tercium
1326 1358 1469 1405 probat
1501 1356 1714 1405 tripliciter
1737 1358 1846 1405 quod

531 1415 758 1453 necessitati
790 1428 927 1453 sumus
959 1415 999 1452 in
1022 1415 1085 1452 via
1108 1427 1275 1463 peccare
1300 1415 1500 1460 continue,
1536 1424 1573 1451 et
1596 1415 1846 1452 ostendendo
1862 1423 1904 1446 20

532 1475 638 1522 quod
669 1485 788 1510 omne
811 1482 1022 1522 peccatum
1048 1481 1105 1510 est
1130 1482 1267 1510 contra
1294 1474 1526 1509 mandatum
1552 1473 1638 1518 Dei,
1672 1472 1846 1509 ostendit

531 1531 599 1580 qui
631 1531 843 1580 obliquant
887 1540 924 1568 et
955 1531 1023 1581 qui
1068 1530 1271 1567 declinant
1315 1532 1363 1567 ab
1408 1531 1490 1567 eius
1530 1530 1742 1568 mandatis.
1797 1532 1844 1566 Et

531 1590 705 1626 secundo
739 1589 980 1626 declarando
1013 1591 1120 1637 quod
1153 1598 1237 1626 tota
1270 1587 1410 1637 religio
1444 1588 1664 1625 christiana
1696 1597 1773 1624 stat
1805 1588 1845 1624 in

532 1647 749 1685 dileccione
773 1647 860 1694 Dei,
892 1647 1067 1684 ostendit
1101 1646 1141 1682 in
1166 1646 1309 1695 quibus
1331 1646 1457 1682 tribus
1486 1654 1563 1683 stat
1586 1647 1656 1683 Dei
1680 1646 1847 1683 dileccio

531 1713 569 1742 et
601 1706 878 1742 concludendo
923 1714 1002 1742 tres
1046 1704 1232 1743 veritates
1265 1717 1436 1753 quarum
1482 1704 1606 1741 tercia
1652 1712 1710 1740 est
1741 1702 1904 1752 qu0d25

531 1763 664 1800 omnis
696 1771 904 1811 pretensus
937 1763 1104 1800 clericus
1137 1764 1304 1799 abutens
1333 1758 1337 1816 Ι
1366 1761 1482 1799 bonis
1505 1761 1683 1808 ecclesie,
1717 1770 1760 1798 ut
1792 1761 1849 1798 sic
1889 1763 1954 1804 264

531 1820 678 1857 decidit
710 1834 733 1858 a
764 1833 837 1857 suo
870 1820 1052 1867 nornine3
1098 1833 1178 1870 quo
1210 1822 1382 1869 probato
1420 1820 1569 1869 triplici
1608 1819 1848 1857 auctoritate

530 1888 667 1916 narrat
711 1879 836 1916 multa
869 1880 917 1916 de
950 1878 1228 1927 castrimargia
1261 1878 1510 1917 clericorum.
1554 1877 1698 1915 Tercio
1730 1877 1849 1914 infert

532 1936 641 1985 quod
683 1945 809 1973 status
858 1949 1082 1985 pauperum
1127 1935 1387 1984 sequencium
1422 1935 1627 1973 Christum
1668 1943 1727 1972 est
1759 1947 1847 1983 per-

531 1994 770 2031 fectissimus
816 2003 853 2030 et
897 1994 1130 2043 recipiendo
1174 1994 1354 2031 obiectus
1386 1994 1776 2042 possessionatorurn
1812 2001 1906 2036 et3o

533 2051 851 2089 mendicancium
897 2061 1034 2089 narrat
1080 2053 1204 2089 multa
1248 2052 1360 2100 signa
1399 2051 1601 2100 religionis
1639 2060 1677 2089 et
1709 2063 1847 2088 sensus

532 2123 671 2147 eorum
716 2110 898 2159 duplices
944 2123 1033 2147 cum
1080 2111 1217 2158 regula
1251 2109 1398 2147 Christi
1437 2111 1485 2146 ad
1520 2110 1845 2158 cognoscendum

531 2168 629 2205 tales
652 2168 773 2205 falsos
802 2168 1033 2216 prophetas.
1068 2170 1222 2214 Quarto
1245 2168 1453 2205 inferendo
1476 2167 1657 2216 pericula
1679 2166 1846 2204 dotandi

531 2226 719 2264 ecclesias
743 2225 919 2272 discutit,
944 2227 1150 2274 quomodo
1174 2226 1371 2274 contingit
1393 2225 1637 2263 constituere
1659 2224 1847 2262 abbacias

532 2292 570 2320 et
592 2283 680 2332 quis
702 2292 828 2321 status
852 2283 903 2320 sit
925 2284 1082 2333 reliquo
1104 2284 1324 2332 perfeccior
1339 2292 1376 2320 et
1392 2285 1596 2333 quomodo
1612 2282 1847 2320 obediencia
1864 2286 1903 2319 35

532 2342 687 2379 confert
731 2343 782 2378 ad
827 2341 1027 2388 meritum,
1085 2351 1123 2379 et
1165 2343 1306 2378 suadet
1350 2341 1561 2391 tripliciter
1607 2342 1713 2388 quod
1758 2353 1847 2389 per—

532 2399 679 2436 feccius
725 2408 782 2436 est
826 2412 908 2436 non
953 2412 1095 2437 vovere
1140 2400 1293 2448 privato
1338 2399 1556 2448 preposito,
1603 2399 1845 2436 declarando

533 2457 627 2506 quid
671 2466 729 2494 est
772 2465 908 2494 votum
955 2466 992 2494 et
1033 2458 1163 2494 forma
1207 2458 1300 2497 voti.
1347 2458 1498 2503 Quinto
1536 2456 1758 2493 dubitando
1798 2458 1846 2492 de

533 2516 655 2551 modo
696 2514 948 2564 percipiendi
992 2517 1096 2552 bona
1142 2515 1319 2563 ecclesie,
1390 2515 1753 2563 distinguendoque
1798 2515 1845 2550 de

532 2585 607 2609 usu
651 2572 765 2620 ponit
809 2586 881 2621 pro
926 2574 1195 2617 conclusione,
1248 2575 1357 2622 quod
1408 2573 1511 2610 sicut
1553 2572 1690 2609 omnia
1742 2573 1903 2616 bona4o

533 2629 696 2667 ecclesie
746 2631 891 2667 debent
941 2643 1025 2668 esse
1075 2631 1147 2668 toti
1192 2631 1356 2668 ecclesie
1408 2632 1543 2680 quoad
1595 2629 1842 2678 spiritualem

1957 1762 1970 1780 d

603 2820 629 2848 3.
652 2821 806 2849 renitant:
826 2821 866 2849 ita
887 2822 955 2849 cod.
