2050 3292
237 230 325 259 CAp.
346 221 444 275 xxi]
697 233 831 264 LIBER
856 232 1065 265 TERTIUS.
1736 233 1821 272 -425

407 340 735 388 CAPITULUM
768 340 1087 388 VICESIMUM
1122 340 1365 387 PRIMUM.

158 465 186 493 A
295 455 398 501 Quia
443 455 608 492 civilitas
652 464 709 491 est
753 455 982 491 differencia
1025 454 1270 502 distinguens
1316 453 1537 490 dominium
1574 458 1802 500 Wliattitisttqo

238 513 474 550 clericorum
520 526 541 549 a
587 512 764 549 dominio
820 512 1014 549 laicorum
1062 512 1255 560 multique
1300 513 1348 548 de
1391 511 1538 548 nostris
1578 494 1800 556 effissfflffiffgffff'l

236 570 421 619 ignorant
453 570 682 618 terminum,
716 570 783 606 alii
817 579 947 606 autem
981 570 1165 606 nituntur
1196 579 1278 606 tam·
1307 568 1539 606 seculariter

132 645 150 671 3
204 628 435 665 5d0minari
467 637 510 665 ut
542 627 642 676 layci
674 637 839 675 propter
861 627 1135 664 confusionem
1160 627 1328 674 duplicis
1352 626 1537 663 dominii:

142 678 148 682 ³
236 685 326 722 ideo
357 685 510 722 videtur
541 685 750 733 expediens
782 693 914 733 preter
946 685 1051 721 dicta
1084 685 1261 732 capitulo
1282 685 1335 720 XI
1370 683 1485 720 huius
1506 684 1539 718 V

236 752 274 780 et
305 743 407 779 infra
439 742 657 791 expressius
689 755 897 791 exponere,
929 743 1020 792 quid
1051 750 1106 779 est
1137 742 1302 778 civiliter
1334 741 1538 778 dominari.

237 800 301 836 Hii
347 801 451 837 enim
484 801 622 837 dicunt
665 802 773 848 quod
817 813 898 837 non
930 809 986 837 est
1031 800 1225 837 terminus
1269 799 1377 845 iuris,
1416 808 1453 836 et
1485 798 1539 834 hii

235 858 353 895 nimis
384 859 517 895 laxant
546 857 775 908 terminum,
807 860 905 895 sicut
933 859 1005 894 sub
1037 858 1105 894 illo
1137 858 1226 894 fuco
1258 856 1376 893 nimis
1407 857 1539 893 laxant

184 930 221 950 10
236 916 478 960 dominium;
513 916 650 953 dicunt
674 916 792 961 enim,
826 917 935 964 quod
958 915 1070 952 civile
1103 914 1339 961 dominium,
1374 913 1539 951 civiliter

235 974 446 1024 dominari,
486 974 587 1011 sicut
619 981 748 1010 totum
787 986 910 1021 genus
948 972 1148 1010 civilitatis
1180 986 1201 1008 a
1233 973 1386 1020 civitate
1418 972 1539 1008 trahit

235 1031 429 1079 originem
475 1041 511 1068 et
558 1032 643 1080 ipsa
687 1044 708 1067 a
752 1031 844 1081 cive,
888 1039 932 1067 ut
964 1040 1099 1067 narrat
1136 1030 1345 1066 Januensis
1387 1029 1429 1065 in
1467 1042 1538 1065 suo

236 1089 472 1126 Catholicon
504 1090 681 1137 allegans
713 1091 763 1125 ad
801 1090 876 1126 hoc
900 1089 1141 1136 Hugucium‚
1173 1088 1339 1136 Papiam
1371 1096 1409 1123 et
1440 1087 1538 1123 alios

237 1147 381 1183 multos
395 1149 691 1194 grammaticos.
725 1148 823 1183 Cum
840 1146 962 1195 igitur
985 1146 1079 1183 civis
1102 1146 1151 1182 sit
1172 1158 1344 1194 persona
1366 1145 1539 1181 hominis

183 1203 274 1241 15in
317 1218 439 1241 unum
486 1218 576 1241 cum
622 1204 710 1242 aliis
755 1204 955 1241 societatis
993 1204 1151 1241 vinculo
1197 1204 1385 1246 adunata,
1430 1211 1538 1250 pate—t

114 1269 188 1308 171⁰
235 1264 343 1310 quod
381 1262 548 1299 civiliter
575 1259 580 1317 Ι
608 1263 737 1300 vivere
775 1271 831 1299 est
868 1262 997 1300 vivere
1029 1262 1208 1309 legaliter
1245 1260 1285 1296 in
1318 1260 1536 1297 communi.

235 1321 347 1356 Unde
391 1321 557 1357 ecclesia
602 1320 800 1357 catholica
843 1328 901 1357 est
945 1320 1098 1356 celestis
1144 1318 1289 1356 civitas.
1317 1319 1535 1355 Jerusalem

234 1389 310 1425 que
343 1386 400 1414 est
432 1378 599 1415 ecclesia
636 1378 901 1426 triumphans,
941 1387 978 1414 et
1017 1377 1152 1414 civitas
1184 1386 1341 1413 terrena
1373 1389 1449 1424 que
1482 1385 1539 1413 est

234 1435 396 1472 ecclesia
422 1436 595 1472 militans
619 1449 709 1472 cum
732 1436 812 1472 suis
835 1435 1015 1484 partibus
1049 1444 1085 1472 et
1117 1435 1173 1471 sic
1205 1435 1424 1471 secundum
1459 1435 1536 1470 duo

178 1507 220 1528 20
234 1492 367 1540 capita
399 1502 456 1530 est
488 1495 583 1530 dare
615 1493 814 1542 duplicem
845 1493 1044 1529 civitatem
1069 1493 1218 1529 scilicet
1241 1492 1441 1529 civitatem
1467 1491 1537 1527 Dei

235 1560 273 1586 et
305 1550 504 1588 civitatem
538 1552 711 1599 dyaboli,
745 1561 787 1587 ut
818 1560 926 1599 patet
959 1563 1002 1588 ex
1035 1563 1226 1599 processu
1254 1549 1465 1597 Augustini
1498 1549 1536 1584 in

234 1609 291 1644 De
324 1608 492 1645 Civitate
524 1609 608 1648 Dei.

290 1668 344 1702 Ex
387 1679 466 1715 quo
510 1676 619 1714 patet
662 1667 770 1715 quod
812 1668 851 1702 in
894 1675 999 1703 statu
1031 1666 1260 1702 innocencie
1292 1673 1330 1702 et
1361 1667 1398 1701 in
1431 1673 1537 1701 statu
1557 1677 1624 1705 The
1644 1686 1697 1705 use
1718 1678 1820 1717 ‹pf—the

233 1723 492 1760 beatitudinis
538 1733 595 1760 est
639 1723 971 1772 perfectissimum
1018 1723 1130 1760 civile
1173 1723 1417 1771 dominium3
1464 1735 1536 1758 nec
1587 1713 1785 1774 wogcze‘ssvil’

177 1785 216 1817 25
233 1781 362 1828 prima
397 1781 533 1818 civitas
567 1781 672 1830 cepit
703 1795 725 1819 a
758 1783 894 1830 Caym,
927 1783 995 1818 sed
1028 1783 1077 1817 ab
1110 1782 1252 1818 Adam.
1294 1783 1370 1817 Ista
1402 1789 1532 1817 autem
1603 1782 1777 1811 limitation.

233 1839 426 1887 equivoca
458 1839 609 1876 laxacio
641 1840 732 1876 licet
746 1839 955 1876 inmisceat
989 1840 1128 1885 multa,
1156 1851 1247 1875 vera
1270 1847 1404 1875 tamen
1429 1850 1537 1874 mere

229 1896 379 1944 ‘decipit
412 1909 455 1933 ex
498 1897 661 1934 insolita
693 1906 730 1934 et
772 1896 1030 1945 inpertinenti
1069 1895 1379 1944 equivocacione
1419 1907 1536 1943 super
1575 1905 1610 1924 or
1629 1897 1652 1924 it
1672 1905 1741 1932 may
1762 1897 1797 1936 be

231 1954 491 1991 fundamento
523 1954 741 2003 sophistico
773 1955 936 1991 fundata
970 1963 1006 1991 et
1039 1956 1200 1990 demum
1234 1955 1331 1990 falsa
1364 1953 1535 2001 plurima
1580 1932 1728 1993 eitt‘igssgg
1743 1933 1792 1994 fiili¹

232 2012 480 2058 commiscet,
520 2026 612 2049 nam
654 2025 789 2049 verum
831 2022 887 2049 est
930 2012 1136 2059 analogice
1172 2013 1419 2048 extendendo
1456 2020 1535 2047 ter·
1609 2001 1761 2035 meaning

176 2073 217 2105 30
233 2068 399 2113 minum,
438 2072 545 2118 quod
578 2070 742 2118 quilibet
774 2070 935 2117 spiritus
968 2069 1180 2106 racionalis
1214 2082 1303 2105 cum
1337 2069 1418 2105 suis
1445 2070 1534 2104 sub-

231 2126 439 2177 sistenciis‚
484 2127 677 2176 potenciis
721 2141 767 2164 ac
810 2127 1039 2164 racionibus
1084 2136 1140 2163 est
1180 2128 1350 2175 quedam
1384 2126 1534 2172 civitas,

233 2197 368 2221 verum
408 2194 464 2222 est
502 2185 628 2222 eciam
668 2186 777 2234 quod
810 2186 938 2222 celum
978 2194 1035 2222 est
1066 2185 1249 2221 nativitas
1288 2184 1389 2220 sicut
1420 2196 1536 2232 spera

231 2243 500 2290 corporalium
533 2252 698 2292 propter
731 2243 1069 2280 inhabitacionem
1110 2242 1275 2279 ecclesie
1315 2241 1534 2287 militantis,

231 2312 365 2347 ymmo
412 2310 518 2337 totus
562 2301 635 2338 iste
674 2302 847 2337 mundus
885 2300 1080 2337 sensibilis
1117 2301 1262 2337 nedum
1297 2308 1426 2348 potest
1458 2299 1535 2335 dici

176 2362 215 2394 35
232 2357 381 2403 civitas,
426 2360 494 2395 sed
538 2358 743 2407 tugurium
787 2359 848 2395 vel
892 2360 1033 2395 domus
1086 2357 1237 2394 domini
1289 2357 1395 2394 iuxta
1439 2357 1536 2394 illud

187 2414 189 2416 ’
231 2417 387 2452 Baruch
410 2418 471 2462 ΙΙΙ,
497 2428 568 2466 24:
598 2417 631 2453 O
652 2417 816 2463 Israhel,
848 2428 961 2465 quam
990 2429 1134 2466 magna
1157 2423 1211 2452 est
1234 2416 1369 2451 domus
1392 2415 1538 2452 domini

255 2597 261 2602 .
287 2568 328 2623 Tg).
348 2562 435 2589 sicut.
457 2561 552 2589 Cod.:
574 2564 615 2588 ut.
691 2560 736 2588 32.
757 2561 903 2589 nativitas
922 2560 999 2595 (sic).
1020 2560 1116 2588 Cod.:
1136 2560 1294 2587 vacivitas.
1315 2560 1453 2588 Rectius:
1473 2567 1535 2587 una

231 2604 288 2624 ctvz
305 2604 351 2624 as.

304 2689 352 2712 12.
378 2681 570 2724 Januensis,
597 2681 616 2712 i.
645 2690 673 2712 e.
690 2679 867 2712 Johannes
894 2680 936 2711 de
952 2680 1070 2719 Janua,
1090 2680 1128 2711 fr.
1148 2680 1225 2711 ord.
1246 2679 1535 2711 Praedicatorum.

232 2727 332 2768 Opus
373 2737 474 2768 supra
516 2727 693 2765 laudatum
732 2726 937 2757 Catholicon
980 2727 1197 2757 nominatum
1240 2726 1447 2767 impressum
1486 2731 1539 2757 est

230 2772 473 2815 Nurenbergae
506 2773 596 2815 apud
628 2773 818 2804 Antonium
852 2772 1042 2814 Koburger.
1074 2773 1162 2804 Vide
1195 2772 1323 2803 ibidem
1356 2772 1429 2802 sub*
1450 2781 1536 2802 voce

232 2819 356 2859 Civito,
384 2820 519 2859 civitas,
545 2819 640 2852 civis.
669 2820 824 2850 Citantur
850 2819 978 2850 ibidem
1005 2819 1184 2860 Hugucius
1211 2825 1243 2850 et
1269 2815 1401 2860 Papias.
