2050 3292
238 212 317 241 CAP.
347 204 473 258 xxiv]
702 215 837 247 LIBER
863 215 1073 248 TERTIUS.
1743 220 1821 257 553

238 320 342 356 enim
376 329 432 356 est
465 320 635 368 dignitas
666 321 725 357 vel
757 320 914 357 iusticia
945 322 983 357 in
1016 331 1199 358 creatura
1221 322 1296 358 nisi
1318 323 1537 359 secundum

237 378 435 425 exemplar
499 377 703 425 dignitatis
755 386 793 414 et
850 378 1005 415 iusticie
1050 380 1182 427 quoad
1226 381 1368 426 Deum,
1421 388 1463 415 ut
1508 379 1537 415 si

110 447 189 484 224⁰
238 437 374 471 Petrus
403 432 406 487 Ι
435 435 484 471 sit
527 435 667 482 dignus
712 436 892 471 mercede
936 436 1082 484 aliqua,
1128 445 1222 472 tunc
1267 436 1432 484 dignum
1481 445 1539 473 est

237 501 331 539 aput
363 494 490 529 Deum
523 500 566 527 ut
598 491 725 539 ipsam
760 494 915 529 habeat.
949 494 989 529 Si
1023 493 1125 530 enim
1151 496 1256 530 Deus
1283 494 1356 530 scit
1378 495 1537 530 Petrum

204 556 320 587 5esse
372 549 535 597 dignum
580 558 690 586 tanta
735 563 850 597 pena,
903 560 997 587 tunc
1041 551 1112 587 scit
1157 552 1323 599 dignum
1367 564 1449 588 esse
1497 559 1540 587 ut

237 608 381 643 habeat
426 606 652 643 huiusmodi
697 619 855 654 penam,
902 608 995 655 quia
1040 608 1155 644 aliter
1193 618 1376 645 creatura
1410 617 1540 656 posset

238 663 470 712 dignificare
503 672 642 700 contra
675 664 977 701 ordinacionem
1010 665 1095 715 Dei,
1128 678 1218 701 cum
1251 666 1457 714 dignificat
1490 667 1539 702 ad

238 720 571 769 dampnacionem
605 734 677 768 pro
701 731 866 770 peccato
888 721 1101 771 infinitum,
1133 736 1206 771 pro
1230 736 1308 772 quo
1331 725 1437 760 Deus
1460 736 1540 760 non

239 787 370 828 potest
401 780 634 826 dampnare.

185 853 223 874 10
297 836 499 886 Similiter,
543 844 661 884 capto
704 838 822 873 Petro
867 846 1058 884 peccante
1102 846 1267 885 peccato
1313 837 1441 874 finalis
1483 837 1539 874 in·
1556 846 1633 883 *Any
1653 844 1746 883 sinsin
1767 849 1813 871 act

239 893 464 942 penitencia
509 902 545 930 et
576 894 700 930 Paulo
733 894 1001 942 predestinato
1045 903 1234 942 peccante
1266 895 1541 943 temporaliter
1555 880 1824 948 ιξρζξὲᾗζῖἐῗὴὲὲε

238 951 522 1000 resipiscendo,
556 950 754 988 infinitum
779 952 935 999 gravius
967 960 1025 989 est
1047 961 1256 999 peccatum
1282 953 1386 989 Petri
1419 965 1538 1001 quam
1605 949 1789 1011 reidnesttlitiate

240 1009 362 1057 Pauli,
406 1009 506 1045 sicut
539 1018 647 1056 patet
680 1011 727 1045 de
759 1008 870 1056 penis
903 1022 1002 1057 quas
1035 1012 1139 1046 Deus
1184 1011 1347 1058 adoptat
1384 1010 1439 1046 eis
1472 1010 1539 1058 qui
1583 992 1600 1019 p
1792 1002 1800 1009 ⁶

238 1080 395 1115 semper
416 1066 531 1114 punit
554 1066 917 1115 proporcionaliter
937 1068 986 1103 ad
1007 1067 1240 1114 gravedines
1262 1076 1539 1116 peccatorum3

185 1125 357 1172 15igitur
401 1124 562 1172 dignum
607 1133 664 1161 est
708 1124 908 1160 infinitum
961 1125 1119 1172 gravius
1153 1124 1284 1173 puniri
1330 1134 1538 1173 peccatum

237 1182 343 1219 Petri
376 1194 495 1230 quam
530 1190 738 1229 peccatum
778 1183 915 1218 datum
951 1183 1074 1228 Pauli,
1120 1184 1188 1219 sed
1231 1196 1311 1219 non
1348 1182 1540 1219 intensive

237 1252 366 1288 neque
410 1239 590 1276 durative
634 1248 671 1276 et
714 1252 785 1287 per
817 1252 1064 1288 consequens
1096 1249 1306 1288 peccatum
1340 1240 1451 1276 Pauli
1485 1249 1541 1276 est

237 1298 400 1346 dignum
433 1298 563 1334 solum
598 1297 728 1345 puniri
759 1297 1037 1345 temporaliter
1068 1306 1105 1334 et
1127 1310 1198 1346 per
1235 1298 1337 1334 idem
1369 1310 1540 1346 persona

237 1355 293 1391 illi
337 1364 503 1403 peccato
548 1354 737 1391 subiecta.
793 1357 881 1391 Non
925 1355 1030 1392 enim
1062 1356 1166 1392 valet
1210 1356 1284 1392 hoc
1317 1355 1540 1403 sophisma:

182 1428 223 1449 20
236 1413 337 1449 Illud
369 1421 577 1460 peccatum
613 1421 669 1449 est
702 1412 862 1460 dignum
895 1413 951 1449 sic
983 1413 1116 1461 puniri
1139 1422 1175 1449 et
1196 1426 1275 1450 non
1300 1422 1356 1450 est
1378 1413 1541 1460 dignum

237 1470 334 1507 illud
376 1478 583 1518 peccatum
630 1470 685 1507 sic
729 1470 875 1518 puniri,
920 1484 1011 1507 curn
1056 1470 1221 1518 dignum
1266 1470 1315 1507 sit
1347 1470 1461 1507 venia
1498 1482 1542 1506 ex

236 1527 546 1564 remissibilitate
590 1541 710 1576 quam
756 1530 859 1565 Deus
903 1528 1007 1564 videt
1051 1528 1092 1564 in
1136 1530 1221 1576 ipso
1266 1538 1302 1565 et
1347 1528 1455 1564 aliud
1499 1540 1543 1564 ex

236 1585 503 1634 perpetuitate
535 1584 584 1621 sit
616 1585 782 1622 omnino
805 1585 1014 1633 indignum
1052 1585 1178 1631 venia,
1214 1599 1303 1622 cum
1330 1588 1437 1622 Deus
1460 1598 1541 1622 non

236 1652 367 1691 potest
400 1643 529 1691 ipsum
564 1642 780 1680 remittere.

181 1706 220 1738 25
294 1700 499 1747 Similiter,
523 1700 652 1737 omnis
674 1700 763 1737 talis
787 1700 958 1748 dignitas
981 1713 1062 1737 non
1085 1709 1141 1737 est
1164 1700 1240 1737 nisi
1264 1700 1544 1738 condicionata
1611 1707 1721 1746 Desert
1740 1708 1775 1735 of

238 1770 388 1806 ponens
432 1757 741 1806 disposicionem
788 1758 827 1793 in
872 1757 1049 1795 subiecto
1093 1758 1133 1794 in
1178 1772 1256 1806 qua
1300 1758 1332 1794 si
1374 1758 1545 1795 finaliter
1570 1743 1767 1777 pumshment
1787 1751 1822 1770 or

1612 1777 1730 1804 reward
1751 1777 1777 1804 is

236 1825 459 1864 perseveret
503 1816 557 1852 sic
589 1817 649 1852 vel
693 1816 747 1852 sic
782 1817 1004 1852 mercedem
1045 1816 1230 1865 recipiet3
1275 1817 1341 1852 sed
1387 1828 1430 1852 ex
1473 1815 1543 1852 tali
1564 1811 1761 1839 conditioned
1785 1812 1822 1847 by

117 1876 196 1918 224d
236 1873 471 1910 condicione
514 1886 594 1910 non
637 1875 814 1922 sequitur
842 1873 846 1921 Ι
875 1875 983 1921 quod
1027 1873 1076 1909 sit
1120 1873 1262 1921 dignus
1307 1873 1543 1922 simpliciter
1566 1847 1618 1909 Ἓξ
1634 1846 1823 1916 fflgpggsfflpn

235 1940 331 1979 aput
364 1933 511 1978 Deum;
550 1931 669 1978 igitur
701 1944 773 1968 nec
805 1932 912 1979 quod
946 1931 994 1967 sit
1026 1931 1081 1967 sic
1113 1931 1254 1979 dignus
1287 1931 1540 1979 simpliciter3

180 1994 221 2027 30
234 1997 330 2025 tunc
363 1988 467 2025 enim
501 1989 630 2025 omnis
663 2001 831 2036 peccans
863 1988 1071 2025 venialiter
1102 1989 1204 2025 foret
1239 1997 1282 2025 ut
1315 1989 1369 2025 sic
1402 1989 1541 2036 dignus

235 2046 445 2094 dampnari
489 2046 581 2094 quia
625 2045 680 2083 sic
725 2046 934 2094 dampnari
978 2046 1052 2082 nisi
1097 2046 1254 2083 affuerit
1285 2046 1420 2095 gracia
1450 2046 1541 2084 Jesu

236 2103 394 2149 Christi,
442 2117 529 2139 cum
578 2104 692 2140 aliter
743 2104 880 2140 fuisset
932 2116 1050 2140 omne
1094 2113 1303 2151 peccatum
1359 2104 1540 2142 mortale.

233 2163 379 2198 Ymmo
431 2161 538 2198 iuxta
589 2161 815 2198 evidencias
867 2161 987 2209 partis
1040 2162 1256 2209 apostolice
1300 2161 1401 2198 sicut
1444 2161 1540 2197 illud

234 2219 387 2255 veniale
431 2228 487 2255 est
531 2219 729 2255 infinitum
776 2219 977 2267 fugibilius
1010 2231 1129 2267 quam
1165 2232 1279 2267 pena,
1325 2219 1380 2256 sic
1424 2220 1542 2255 habet

179 2281 218 2313 35
237 2276 468 2324 dignitatern
517 2285 558 2312 ut
603 2277 793 2324 puniatur
837 2289 955 2325 supra
989 2289 1148 2314 omnem
1182 2290 1326 2325 penam
1367 2276 1540 2323 finitam3

234 2334 336 2370 sicut
367 2333 489 2382 igitur
522 2334 696 2370 creditur
728 2335 802 2370 hoc
836 2335 1003 2371 mortale
1035 2347 1118 2370 esse
1151 2343 1232 2371 tam
1266 2334 1429 2382 dignum
1454 2347 1537 2382 gra-

195 2422 197 2425 .
233 2391 333 2428 viter
354 2391 503 2439 puniri,
526 2391 627 2427 sicut
655 2391 686 2427 si
709 2394 814 2428 Deus
837 2391 1191 2428 inmisericorditer
1214 2391 1343 2439 ipsum
1368 2392 1541 2439 puniret.

234 2449 286 2485 ita
310 2449 465 2486 videtur
488 2449 700 2485 dicendum
736 2450 783 2485 de
815 2449 994 2497 quolibet
1025 2449 1187 2497 veniali3
1221 2451 1288 2485 sed
1324 2462 1413 2485 cum
1446 2458 1541 2485 tunc

234 2506 545 2554 dampnabiliter
588 2506 807 2554 puniretur,
853 2507 1009 2543 videtur
1052 2508 1159 2555 quod
1205 2518 1323 2543 omne
1370 2507 1448 2543 tale
1492 2506 1540 2543 sit

174 2578 218 2608 40
234 2563 395 2611 dignum
428 2563 740 2612 dampnabiliter
773 2564 924 2612 puniri3
969 2563 1024 2600 sic
1070 2564 1174 2600 enim
1219 2564 1429 2612 puniretur
1466 2564 1540 2600 nisi

234 2621 414 2658 Christus
446 2634 569 2670 genus
602 2622 823 2659 humanum
857 2621 1089 2668 redimeret3
1122 2634 1195 2658 nec
1233 2621 1386 2658 dicetur
1419 2634 1538 2671 quam

303 2786 328 2811 7.
356 2778 425 2806 Dei.
451 2778 548 2805 Cod.:
576 2778 700 2805 dicitur.
783 2778 817 2806 15.
846 2777 940 2806 Cod.:
968 2778 1078 2813 puniri
1101 2780 1155 2805 est.
1238 2786 1277 2812 17.
1304 2786 1411 2813 neque.
1442 2777 1538 2806 Cod.:

234 2818 271 2847 ge
292 2812 369 2847 (sic).
442 2812 481 2840 31.
505 2813 599 2840 Cod.:
621 2813 801 2848 dampnare.
