2050 3292
227 235 308 272 544

936 227 994 259 DE
1022 226 1158 258 CIVILI
1185 226 1395 258 DOMINIO.
1587 212 1696 267 [CAP.
1714 221 1825 250 XXIV.

513 335 612 385 legis
645 333 838 383 servaeio,
882 341 925 369 ut
965 332 1060 369 dicit
1091 332 1308 380 Apostolus
1341 333 1455 368 Rom.
1489 331 1594 377 XIII,
1624 341 1686 380 10,
1731 329 1826 378 quia
1866 336 1947 364 221¹*

513 402 558 431 ut
590 392 737 430 dicitur
768 394 794 428 Ι.
827 391 913 429 Joh.
946 391 1008 434 IV,
1043 400 1114 428 20:
1147 390 1212 439 qui
1242 402 1314 426 non
1348 389 1477 439 diligit
1503 389 1683 438 fratrem
1715 400 1825 424 suum

513 464 621 501 quem
645 450 760 495 videt,
776 450 902 485 Deum
926 460 1034 497 quem
1058 460 1131 484 non
1155 447 1257 484 videt
1278 447 1468 496 quomodo
1483 453 1611 496 potest
1631 445 1828 497 diligere?

512 521 651 558 ymmo
684 520 775 544 cum
807 506 904 557 finis
931 505 1105 555 precepti
1133 505 1182 541 sit
1212 505 1370 552 caritas,
1408 513 1452 541 ut
1484 504 1580 540 dicit
1609 504 1827 553 Apostolus

514 569 541 604 Ι.
564 566 697 604 Thim.
732 566 761 611 I,
796 575 818 614 5
854 572 891 600 et
923 563 1009 602 Gal.
1029 564 1076 610 V,
1107 573 1173 609 14:
1213 562 1347 599 Omnis
1379 563 1445 599 lex
1476 563 1512 598 in
1544 574 1618 598 uno
1648 564 1859 599 sermone5

514 625 718 675 impletur:
749 623 905 673 Diliges
931 621 1161 671 proximum
1195 629 1301 657 tuum
1333 620 1430 657 sicut
1461 628 1496 656 te
1533 620 1672 669 ipsum,
1717 628 1828 668 patet

515 683 622 732 quod
666 679 1004 718 irracionabiliter
1048 678 1224 715 irascens
1276 678 1387 715 fratri
1434 690 1506 714 suo
1553 677 1828 726 prevaricator

514 740 611 789 legis
656 737 902 781 censebitur;
948 738 1111 786 quando
1156 745 1289 773 autem
1324 736 1411 785 quis
1444 735 1631 772 irascitur
1661 744 1828 784 propter

228 809 390 849 but-ifrhe
406 817 501 844 anger
514 799 708 835 honorem
734 796 807 833 Dei
840 804 878 833 et
909 794 1238 832 emendacionem
1273 793 1459 843 proximi,
1493 795 1561 830 sed
1593 793 1828 842 ignoranter

279 852 304 870 ¹⁵
326 844 439 879 ”gwy
462 878 479 905 d
514 855 667 893 excedit
700 855 879 898 modurn,
912 861 1023 890 recta
1045 852 1222 889 intencio
1245 853 1371 890 salvat
1391 851 1537 899 ipsum.
1571 853 1649 889 Sed
1671 851 1829 889 videtur
1848 864 1886 885 10

244 878 377 906 directed
399 887 457 913 goo

243 914 393 940 intention
415 913 475 940 will

259 954 382 975 excuse:
391 956 476 975 some

302 990 416 1010 excess.

513 915 623 963 quod
654 911 848 962 quicquid
879 912 1002 948 homo
1034 910 1187 957 fecerit,
1227 911 1321 946 dum
1356 911 1466 947 deest
1498 918 1605 946 recta
1637 909 1827 956 intencio,

514 979 654 1021 peccat
687 969 930 1017 mortaliter3
963 969 1072 1018 quod
1104 968 1235 1006 evenit
1266 968 1386 1004 nimis
1420 969 1580 1016 crebro3
1625 980 1698 1004 nec
1729 967 1830 1004 ferat

514 1029 603 1078 pius
648 1027 886 1066 christianus
931 1026 1103 1076 graviter
1146 1027 1255 1074 quod
1298 1035 1380 1063 tam
1426 1025 1562 1062 stricte
1606 1025 1741 1063 sencio
1780 1027 1828 1063 de

517 1087 692 1131 mortali,
726 1086 821 1134 quia
854 1098 898 1122 ex
930 1085 1009 1122 alio
1041 1084 1165 1121 latere
1196 1085 1299 1128 laxo,
1333 1084 1442 1132 quod
1465 1095 1585 1120 omne
1617 1092 1827 1132 peccatum

516 1145 686 1183 mortale
729 1144 917 1181 adiuncta
955 1142 1183 1192 penitencia
1222 1155 1312 1179 cum
1346 1154 1483 1178 amore
1516 1141 1665 1178 Christi
1703 1141 1752 1178 sit
1785 1154 1828 1178 ex
1849 1143 1884 1174 15

516 1216 587 1241 sua
640 1201 892 1239 misericordi
942 1200 1076 1250 gracia
1121 1200 1288 1238 veniale.
1353 1201 1473 1246 Quod
1524 1208 1638 1236 notat
1689 1201 1828 1237 beatus

514 1262 717 1299 Johannes
750 1262 776 1299 1.
798 1259 989 1296 Iohannis
1011 1259 1058 1305 II,
1089 1270 1121 1305 1,
1148 1270 1189 1297 2:
1224 1259 1267 1294 Si
1292 1258 1387 1307 quis,
1420 1257 1564 1306 inquit,
1593 1258 1827 1307 peccaverit,

515 1320 745 1357 advocatum
779 1318 963 1354 habemus
994 1324 1086 1367 aput
1113 1325 1269 1366 patrem
1301 1316 1430 1352 Jesum
1455 1316 1652 1353 Christum
1686 1316 1826 1353 iustum

515 1385 551 1414 et
581 1377 662 1427 ipse
689 1376 929 1426 propiciacio
969 1376 1045 1426 pro
1084 1375 1252 1424 peccatis
1296 1374 1449 1413 nostris,
1503 1374 1568 1411 Sic
1611 1374 1733 1422 igitur
1770 1386 1829 1411 se-

515 1436 692 1472 cundum
725 1434 1004 1471 Bernhardum
1037 1445 1118 1469 non
1151 1432 1431 1469 inobediencia
1458 1433 1525 1468 sed
1559 1431 1829 1480 inpenitencia
1844 1441 1885 1463 20

516 1501 772 1531 consummat
803 1491 958 1541 peccati
991 1490 1208 1537 maliciam,
1254 1490 1344 1527 ideo
1389 1490 1597 1527 doleamus
1637 1491 1685 1527 de
1718 1502 1828 1527 com-

513 1551 635 1588 misso
689 1559 726 1587 et
778 1562 984 1599 speremus
1036 1549 1077 1584 in
1120 1550 1331 1594 advocato,
1378 1548 1473 1596 quia
1515 1549 1544 1586 I.
1583 1548 1669 1587 Joh.
1698 1550 1744 1594 V,
1780 1560 1829 1597 14

513 1609 721 1647 scribitur:
755 1608 839 1644 Hec
871 1615 926 1645 est
947 1607 1098 1658 fiducia
1132 1620 1243 1657 quam
1277 1606 1460 1643 habemus
1491 1607 1543 1642 ad
1570 1607 1696 1642 Deum
1729 1607 1828 1656 quia,

514 1668 764 1717 quodcunque
780 1666 1013 1717 pecierimus
1035 1666 1242 1702 secundum
1267 1664 1501 1701 voluntatem
1525 1664 1618 1709 eius,
1648 1665 1831 1701 exaudiet

516 1738 596 1764 nOS.
643 1724 754 1762 Licet
797 1724 918 1773 igitur
961 1732 1091 1760 stante
1136 1723 1203 1772 pia
1234 1721 1464 1759 intencione
1504 1734 1547 1758 ex
1581 1722 1884 1759 misericordi25

516 1783 795 1820 satisfaccione
818 1781 965 1819 Christi
997 1790 1207 1830 peccatum
1241 1789 1424 1817 nostrum
1458 1780 1501 1816 fit
1533 1789 1663 1817 stante
1695 1779 1831 1829 gracia

515 1840 682 1887 veniale,
728 1853 818 1878 cum
852 1840 965 1878 aliter
1007 1839 1110 1876 foret
1141 1838 1378 1887 simpliciter
1411 1833 1417 1891 Ι
1447 1839 1628 1875 mortale.
1675 1840 1831 1875 Tamen
1869 1849 1928 1871 221

517 1908 715 1948 repugnat
759 1898 836 1947 legi
881 1898 1091 1935 cuiusdam
1137 1896 1369 1934 mediatoris
1422 1898 1531 1944 quod
1582 1896 1632 1933 sit
1685 1896 1830 1934 caritas

517 1957 752 1994 cohabitans
797 1969 886 1993 cum
933 1955 1110 2000 homine,
1163 1968 1255 1992 cum
1299 1954 1443 1992 iniuste
1486 1954 1619 1991 oderit
1665 1956 1829 1992 fratrem

515 2027 634 2052 suum
656 2016 717 2052 vel
741 2024 882 2052 contra
905 2017 1033 2050 Deum
1062 2013 1248 2050 distincte
1280 2012 1512 2049 intenderit.
1545 2013 1660 2050 Unde
1692 2014 1831 2050 beatus
1846 2014 1887 2047 30

518 2073 734 2121 Gregorius
771 2073 881 2109 XXV
919 2073 1017 2110 Mor.
1056 2084 1176 2120 super
1213 2071 1282 2108 illo
1315 2072 1387 2107 Job
1419 2071 1599 2114 XXXIV,
1634 2081 1683 2121 27
1725 2071 1834 2120 quasi

517 2132 564 2168 de
594 2131 785 2168 industria
819 2138 1062 2167 recesserunt
1097 2142 1121 2166 a
1153 2142 1225 2166 me.
1279 2129 1498 2175 Sciendum,
1542 2128 1687 2178 inquit,
1732 2130 1834 2178 quod

511 2197 713 2239 peccatum
746 2189 869 2225 tribus
901 2189 1025 2225 modis
1047 2188 1311 2232 committitur,
1343 2187 1586 2238 ignorancia,
1609 2186 1833 2237 infirmitate

517 2255 552 2284 et
582 2247 723 2285 studio.
758 2247 826 2284 Ex
858 2247 1086 2297 ignorancia
1108 2246 1211 2296 quod
1237 2253 1292 2282 est
1318 2252 1520 2295 peccatum
1545 2245 1664 2282 levius
1686 2245 1832 2281 Paulus

511 2313 746 2355 peccaverat
783 2306 810 2340 J.
846 2305 965 2342 Thim.
999 2305 1029 2352 J,
1063 2314 1124 2353 13,
1170 2305 1238 2340 sed
1293 2315 1343 2340 ex
1397 2303 1620 2353 infirmitate
1666 2302 1885 2355 gravius35

517 2364 658 2400 Petrus
675 2363 865 2413 peccavit,
896 2363 1050 2412 quando
1078 2362 1277 2398 Christum
1301 2369 1516 2411 negaverat
1537 2361 1661 2397 Math.
1687 2361 1831 2399 XXVI.

522 2422 629 2457 Unde
660 2420 806 2458 Paulus
848 2421 1001 2457 sciendo
1043 2432 1084 2457 se
1127 2420 1318 2465 correxit,
1363 2419 1503 2455 Petrus
1535 2431 1626 2455 vero
1659 2418 1831 2455 lacrimis

509 2479 728 2529 penitendo,
771 2480 841 2516 sed
883 2478 1002 2515 tercio
1034 2478 1270 2529 gravissime
1302 2485 1515 2526 peccarunt
1544 2477 1658 2513 Judei
1694 2488 1745 2513 ex
1776 2476 1831 2512 in·

518 2537 669 2573 dustria
714 2538 760 2573 de
803 2536 936 2586 quibus
973 2536 1153 2572 Christus
1197 2535 1288 2571 dicit
1329 2535 1414 2571 Joh.
1450 2535 1537 2581 XV,
1572 2544 1640 2570 22.-
1684 2534 1727 2570 Si
1757 2546 1830 2571 non

517 2595 702 2632 venissem
725 2602 761 2631 et
783 2595 932 2632 locutus
953 2594 1006 2630 eis
1028 2606 1100 2630 non
1111 2593 1296 2643 fuissem,
1315 2600 1517 2642 peccatum
1540 2605 1613 2629 non
1635 2592 1831 2640 haberent,
1843 2605 1888 2636 40

1936 1838 1949 1855 b

587 2753 627 2780 16.
651 2752 745 2779 Cod.:
767 2753 825 2779 sui.
900 2761 938 2786 ¹7-
962 2751 1055 2779 Cod.:
1076 2752 1232 2779 Jolzannes
1249 2752 1300 2779 ,10²
1320 2758 1347 2778 2.

590 2845 641 2866 20.
671 2836 753 2877 Cap.
780 2836 848 2867 XX.
947 2836 998 2868 31.
1029 2835 1111 2876 Cap.
1137 2835 1192 2875 XI,
1220 2835 1312 2876 Opp.
1338 2840 1421 2866 tom.
1450 2834 1471 2874 I,
1499 2844 1576 2876 pag.
1603 2832 1681 2866 803.
