2050 3292
218 240 298 291 538
929 244 986 275 DE
1015 244 1149 275 clviii
1175 243 1383 276 DOMINIO.
1572 228 1680 285 [CAP.
1702 238 1812 267 xxiv.

499 360 670 402 putaret,
703 351 775 387 nisi
806 351 955 386 Veritas
989 350 1163 386 diceret?
1194 350 1360 386 Videtur
1393 349 1536 386 iterum
1563 349 1670 397 quod
1701 348 1812 396 loqui

501 412 664 447 verbum
714 408 892 445 ociosum
940 420 983 444 ex
1027 408 1244 445 deliberata
1289 406 1461 444 sciencia
1506 406 1555 442 sit
1603 415 1810 454 peccatum

505 467 685 514 mortale,
731 475 775 502 ut
819 466 914 502 dicit
954 467 1207 502 Bernhardus
1252 465 1291 501 in
1332 468 1388 501 De
1421 464 1732 512 Dispensacione
1777 472 1815 500 et

502 527 695 572 Precepto
713 523 888 572 capitulo
910 525 1008 569 VIII,
1045 525 1218 571 probans
1252 536 1320 570 per
1352 522 1450 558 illud
1483 522 1607 559 Math.
1631 522 1716 568 XII,
1741 521 1813 570 36:

506 585 565 619 De
596 583 699 619 omni
730 582 845 618 verbo
878 581 1002 617 ocioso
1037 582 1199 617 reddent
1244 581 1414 617 homines
1448 581 1640 616 racionem
1688 579 1722 615 in
1757 579 1846 614 diei>

505 641 646 685 iudicii,
684 640 774 676 ideo
808 639 882 675 ista
914 638 1070 675 videtur
1103 651 1186 675 esse
1221 637 1527 686 dampnacionis
1565 636 1752 685 accepcio
1784 636 1816 672 si

506 711 584 735 non
629 697 783 734 intersit
816 696 1025 742 contricio,
1074 696 1168 745 quia
1215 697 1414 744 sequitur:
1468 698 1522 731 Ex
1565 694 1695 732 verbis
1739 694 1816 730 tuis

508 754 850 793 condemnaberis.
897 755 983 790 Heu
1016 755 1135 801 nobis,
1185 753 1314 802 inquit
1347 755 1614 799 Bernhardus,
1648 765 1717 801 que
1744 764 1815 801 po-
1857 757 1882 786 L

508 815 598 851 terit
630 814 735 849 racio
769 813 882 849 reddi
915 813 960 848 de
993 813 1085 858 ocio,
1119 812 1284 860 alioquin
1318 812 1439 848 ocium
1473 824 1546 847 non
1579 818 1646 856 est,
1680 811 1713 846 si
1744 822 1816 846 non

510 873 660 908 omnino
707 871 861 907 racione
905 883 1065 906 vacuum
1111 878 1177 909 est.
1232 869 1338 915 Quid
1373 869 1570 906 eredimus
1610 870 1657 904 de
1688 867 1817 904 verbis
1839 883 1876 903 10

510 928 760 975 adulatoriis,
786 928 1056 978 mendacibus,
1080 927 1329 964 detractoriis
1352 936 1388 963 et
1405 926 1657 963 irritatoriis?
1673 924 1819 962 Omnia

510 988 613 1024 enim
660 987 734 1023 ista
778 986 961 1022 videntur
1013 986 1281 1033 superaddere
1333 985 1465 1021 ocium
1510 984 1549 1020 in
1594 983 1817 1032 gravedine.

298 1055 417 1093 Wyclif
510 1047 626 1082 Unde
671 1046 717 1080 de
762 1044 891 1080 verbis
936 1043 1166 1080 huiusmodi
1211 1042 1457 1080 scandalosis
1501 1051 1580 1078 tam
1617 1042 1819 1090 loquendo

237 1092 395 1152 colrligegisgss
414 1089 478 1158 {gat
511 1116 629 1151 quam
665 1101 874 1139 scribendo
909 1111 1117 1150 peccatum
1153 1114 1285 1138 meum
1311 1101 1449 1137 dolens
1473 1100 1679 1147 confiteor,
1712 1099 1820 1147 quod

310 1166 413 1193 anger.
511 1173 603 1209 sepe
646 1161 780 1208 lapsus
824 1173 909 1196 sum
957 1159 1093 1207 pocius
1126 1159 1392 1206 indignando,
1438 1157 1633 1194 irritando
1665 1157 1725 1193 vel
1758 1161 1876 1193 me15

511 1219 640 1267 ipsum
667 1219 876 1255 exaltando
900 1230 1020 1266 quam
1044 1217 1271 1265 proximum
1297 1216 1557 1264 spiritualiter
1580 1215 1819 1251 adiuvando.

513 1278 588 1314 Sed
623 1289 719 1324 rogo
744 1278 869 1312 Deum
907 1288 1037 1312 meum
1072 1288 1143 1322 pro
1169 1274 1315 1322 gracia,
1350 1283 1392 1310 ut
1426 1275 1474 1310 de
1507 1282 1639 1310 cetero
1673 1284 1819 1321 ponam

514 1334 736 1371 custodiam
772 1333 829 1370 ori
865 1346 966 1372 meO.
1005 1370 1008 1375 ,

243 1402 341 1438 Every
361 1405 480 1440 actnot
571 1394 688 1429 Sexto
731 1391 888 1427 videtur
931 1390 971 1427 in
1017 1403 1174 1439 genere,
1220 1392 1326 1438 quod
1371 1389 1501 1426 omnis
1545 1397 1656 1425 actus
1689 1387 1821 1424 anime

239 1437 414 1499 ἀξᾞξηῗίᾞξ
433 1435 485 1497 ὲιέθ
513 1450 761 1495 intrinsecus,
794 1449 924 1485 omnis
957 1458 1069 1485 actus
1102 1448 1234 1496 lingue
1256 1449 1315 1484 vel
1340 1447 1519 1495 corporis
1543 1446 1797 1492 extrinsecus,
1817 1441 1821 1498 Ι
1840 1460 1880 1481 20

227 1506 648 1568 isslsslassffitffihssiigfymmo
681 1507 811 1544 omnis
845 1507 921 1543 vite
952 1516 1088 1543 nostre
1120 1506 1299 1551 omissio,
1346 1507 1438 1541 dum
1488 1517 1567 1541 non
1612 1504 1663 1540 sit
1694 1503 1823 1540 inten-
1863 1506 1943 1538 218d

514 1579 628 1603 cione
672 1565 854 1613 placendi
901 1565 1064 1601 domino
1097 1567 1186 1601 Jesu
1220 1563 1378 1599 Christo
1423 1564 1490 1599 sed
1530 1575 1573 1599 ex
1605 1561 1823 1598 deliberata

514 1623 687 1661 sciencia
719 1623 900 1659 ultimate
933 1636 1005 1670 pro
1040 1623 1116 1658 fine
1146 1621 1224 1658 alio
1248 1621 1474 1669 temporali,
1510 1629 1566 1656 est
1589 1619 1824 1657 naturaliter

514 1690 722 1729 peccatum
758 1681 938 1727 mortale,
972 1693 1065 1717 nam
1098 1680 1227 1716 omnis
1259 1679 1348 1715 talis
1372 1678 1492 1715 abicit
1519 1678 1739 1715 caritatem.
1775 1679 1824 1713 Et

515 1739 570 1776 sic
612 1739 788 1787 intelligo
834 1738 984 1775 dictum
1031 1737 1212 1786 Apostoli
1244 1738 1270 1775 Ι.
1305 1739 1395 1774 Cor.
1429 1738 1525 1781 XVI,
1562 1746 1632 1773 22:
1669 1735 1712 1770 Si
1741 1734 1824 1783 quis
1840 1740 1878 1771 25

516 1810 588 1834 non
622 1805 726 1833 amat
758 1797 952 1833 dominum
984 1797 1111 1832 Jesum
1151 1796 1348 1832 Christum
1381 1795 1428 1830 sit
1459 1795 1675 1830 anathema.
1722 1794 1822 1829 Cum

517 1868 611 1903 ergo
644 1867 780 1892 amare
814 1867 902 1892 eum
937 1853 1128 1902 preexigit
1161 1852 1351 1890 noticiam
1385 1851 1463 1889 vite
1503 1864 1572 1888 sue
1604 1860 1640 1888 et
1674 1859 1751 1887 stat
1783 1850 1824 1886 in

517 1913 799 1950 observacione
832 1912 1089 1949 consiliorum
1124 1911 1453 1959 evangelistarum
1488 1911 1547 1956 (ut
1579 1918 1688 1957 patet
1718 1908 1824 1956 capi-

517 1971 601 2007 tulo
627 2000 634 2008 .
659 1999 667 2008 .
692 2001 700 2010 .
731 1972 779 2006 IV
801 1970 904 2016 libri)
939 1979 1048 2018 patet
1081 1982 1170 2006 cum
1207 1977 1356 2017 quanta
1390 1967 1601 2015 diligencia
1634 1968 1825 2003 debemus

518 2030 568 2065 ad
600 2029 674 2065 ista
707 2030 925 2065 attendere.
960 2030 1007 2064 Et
1036 2030 1107 2064 hec
1131 2027 1238 2064 racio
1263 2038 1384 2075 quare
1408 2025 1654 2073 evangelium
1679 2022 1825 2061 Christi
1841 2030 1882 2062 30

519 2086 697 2135 quotidie
729 2087 873 2134 legitur
896 2086 936 2122 in
961 2085 1139 2123 ecclesia.
1175 2084 1434 2121 Dimittamus
1458 2096 1552 2131 ergo
1582 2082 1823 2129 locuciones,

519 2144 800 2192 cogitaciones,
852 2144 1111 2192 operaciones
1165 2152 1201 2180 et
1252 2142 1488 2179 omissiones
1540 2153 1674 2186 vanas,
1732 2138 1826 2188 quia

518 2203 671 2239 nullum
715 2203 793 2240 tale
838 2211 894 2240 est
941 2201 1116 2238 medium
1163 2200 1345 2249 placendi
1391 2198 1591 2247 sapiencie
1637 2198 1824 2234 increate.

520 2262 620 2296 Nam
645 2260 857 2308 Sapiencie
880 2261 978 2306 XIII,
1001 2272 1013 2297 1
1042 2259 1246 2296 scribitur:
1278 2257 1373 2293 Vani
1393 2265 1480 2293 sunt
1502 2268 1631 2293 omnes
1655 2255 1827 2292 homines

520 2319 555 2354 in
589 2319 720 2367 quibus
752 2331 824 2354 non
856 2318 982 2354 subest
1013 2317 1174 2354 sciencia
1208 2316 1295 2352 Dei.
1348 2316 1416 2351 Illa
1455 2314 1616 2363 quidem
1656 2311 1827 2349 sciencia
1842 2316 1881 2351 35

522 2385 577 2413 est
617 2376 817 2424 sapiencia
850 2375 1072 2419 incarnata,
1118 2387 1236 2423 quam
1272 2381 1429 2421 oportet
1451 2373 1558 2408 iuxta
1589 2371 1825 2419 Apostolum

521 2436 547 2471 I.
582 2435 670 2471 Cor.
705 2436 765 2484 III,
795 2446 836 2472 11
876 2446 959 2471 esse
989 2434 1291 2482 fundamentum
1332 2431 1371 2467 in
1404 2429 1576 2467 sciencia
1609 2436 1646 2465 et
1677 2440 1827 2467 amore.

522 2494 570 2528 Et
613 2493 685 2528 hec
730 2493 849 2528 credo
895 2499 952 2528 est
990 2491 1112 2535 racio,
1158 2502 1281 2538 quare
1315 2488 1494 2525 Christus
1527 2488 1648 2525 Math.
1671 2487 1703 2522 V
1736 2498 1828 2522 con-

522 2550 713 2598 dempnat
746 2549 825 2586 iam
858 2551 1023 2586 verbum
1058 2547 1322 2585 irritatorium
1369 2555 1405 2582 et
1449 2554 1579 2582 cetera
1612 2542 1830 2581 irraciona-

522 2606 630 2654 bilia,
676 2620 767 2644 nam
812 2607 945 2655 passio
990 2620 1071 2643 non
1117 2614 1274 2642 excusat
1318 2612 1675 2652 quantumcunque
1713 2602 1886 2647 breve4o

590 2741 615 2767 8.
639 2739 732 2768 Cod.:
753 2740 1025 2768 commendaberis.
1130 2749 1156 2774 ς).
1179 2739 1288 2766 ocium.
1311 2738 1404 2766 Cod.:
1427 2737 1573 2764 continui.
1665 2734 1711 2762 30.
1734 2734 1829 2761 Cod.:

522 2783 592 2810 qna.
685 2774 731 2809 39.
753 2776 815 2802 iam
825 2785 834 2806 ‚·
854 2775 940 2802 cod.:
962 2783 1044 2802 nam.

590 2857 622 2887 4.
650 2847 755 2878 Recte
781 2856 856 2887 cap.
880 2846 949 2886 XII,
977 2846 1068 2887 Opp.
1095 2855 1171 2887 pag.
1198 2844 1274 2887 928.
