2050 3292
165 251 245 289 434

203 1678 313 1714 (Livilly
335 1678 360 1705 is
381 1686 397 1704 a

200 1719 277 1741 term
299 1713 333 1740 of
350 1714 407 1740 law

180 1750 232 1776 but
251 1749 288 1775 all
311 1748 424 1774 human

189 1784 270 1811 laws
290 1790 341 1809 are
361 1787 414 1809 not

261 1817 341 1845 civil.

878 243 936 274 DE
965 242 1100 274 CIVILI
1127 242 1337 274 omnmo.
1546 231 1659 284 [CAP.
1679 240 1760 268 xxi.

450 352 655 401 proprium
691 351 727 385 in
751 349 1019 397 descripcione
1052 348 1145 395 legis
1179 357 1216 384 et
1249 349 1339 384 iuris
1373 348 1509 395 civilis;
1543 362 1623 386 non
1657 351 1760 386 enim

450 411 582 446 fuisset
605 408 691 445 talis
716 408 848 443 civitas
870 407 929 443 vel
953 405 1193 453 dominacio,
1228 407 1297 442 nisi
1327 418 1370 442 ex
1394 407 1549 443 defectu
1575 409 1759 454 caritatis,

450 480 527 516 qua
561 466 819 514 appropriata
851 473 942 500 sunt
981 466 1085 500 bona
1119 464 1287 510 fortune,
1327 473 1369 500 ut
1402 473 1510 511 patet
1544 466 1629 500 dist.
1661 466 1758 509 VIII,

449 538 521 562 nec
554 531 712 571 oportet
745 524 1013 570 superaddere
1046 522 1149 569 leges
1182 522 1377 558 humanas
1410 522 1483 570 legi
1516 530 1658 558 nature
1691 524 1759 559 nisi

451 591 613 631 propter
646 580 904 617 affeccionem
939 579 1166 615 huiusmodi
1200 579 1508 627 proprietariam
1531 581 1591 616 vel
1625 579 1663 616 in
1692 581 1760 617 do-

452 643 626 677 minante
650 639 709 674 vel
732 637 771 673 in
796 638 1059 681 dominando;
1085 650 1157 674 nec
1182 645 1239 674 est
1262 637 1383 674 homo
1407 638 1599 685 poleticus
1623 650 1761 674 secun-

451 700 545 734 dum
561 696 825 738 Aristotelem,
850 697 919 732 nisi
944 695 1058 731 fuerit
1075 697 1224 731 activus
1241 695 1357 743 plene
1373 697 1591 732 secundum
1617 696 1686 732 has
1710 697 1762 732 lc-

451 769 530 804 ges.
555 755 667 792 Unde
695 753 1033 790 distinccioneVF1
1058 754 1147 789 dicit
1169 753 1373 790 decretum
1397 754 1503 801 quod
1531 754 1588 789 ius
1608 766 1762 790 cousue-

450 813 591 849 tudinis
624 813 724 860 quod
752 807 893 864 {prius
927 818 1088 846 vocatur
1111 811 1168 846 ius
1191 811 1300 847 civile
1323 812 1453 847 imbuit
1474 812 1679 848 exordium
1713 824 1764 848 ex

450 879 623 920 tempore
643 870 769 921 Caym
791 872 846 914 (ut
864 868 1045 917 superius
1062 869 1274 916 allegatum
1291 877 1347 905 est
1371 882 1392 905 a
1410 878 1547 906 sancto
1565 871 1761 917 Ysidoro),

451 938 488 966 et
522 931 593 965 isto
626 929 746 963 modo
779 927 955 975 loquitur
989 928 1195 964 decretum
1228 928 1276 963 de
1310 927 1392 963 iure
1427 928 1523 963 civili
1555 929 1645 963 XIV
1668 940 1762 976 que—

451 989 575 1025 stione
602 987 668 1032 Va,
722 986 864 1033 Neque,
903 987 966 1021 ubi
1007 986 1077 1021 sub
1118 987 1353 1021 auctoritate
1385 986 1591 1033 Augustini
1626 985 1763 1022 dicitur

452 1044 557 1094 quod
590 1056 676 1089 non,
709 1043 743 1079 si
774 1043 911 1091 aliquis
943 1043 1020 1078 iuri
1049 1050 1211 1091 paterno
1245 1043 1305 1079 vel
1335 1043 1429 1079 iuste
1452 1043 1594 1091 quesito
1619 1056 1763 1080 avarus

452 1102 653 1150 incumbat,
696 1114 768 1137 uon
803 1101 886 1137 ideo
920 1101 1108 1150 culpanda
1142 1106 1195 1137 est
1226 1101 1321 1137 iuris
1354 1101 1476 1137 civilis
1508 1102 1662 1151 regula.
1716 1104 1763 1137 Et

452 1161 710 1198 conformiter
752 1159 929 1207 loquitur
973 1159 1174 1195 decretum
1215 1160 1263 1195 XI
1309 1161 1515 1207 questione
1559 1161 1620 1205 ΙΙΙ,
1673 1160 1764 1204 Qui-

451 1230 617 1268 cunque;
647 1217 714 1253 ubi
739 1218 916 1254 Gelasius
949 1230 1054 1265 papa
1087 1219 1139 1253 sic
1172 1217 1363 1265 loquitur:
1404 1218 1627 1266 Quicunque
1658 1217 1763 1266 infra

451 1278 542 1313 anni
563 1276 734 1325 spacium
758 1275 838 1311 sive
861 1275 1024 1311 civiliter
1046 1275 1125 1311 sive
1146 1275 1296 1323 publice
1319 1288 1472 1311 causam
1496 1288 1605 1311 suam
1630 1288 1763 1311 coram

450 1336 529 1372 suis
560 1333 1011 1381 excommzuu‘catoribus
1035 1346 1107 1369 non
1134 1334 1374 1383 peregerint,
1414 1334 1487 1383 ipsi
1516 1334 1588 1369 sibi
1617 1334 1763 1369 aditum

452 1392 648 1429 audiencie
679 1391 861 1427 clausisse
893 1392 1085 1428 videntur.
1124 1393 1294 1439 Oportet
1326 1393 1429 1428 enim
1462 1393 1540 1428 sive
1574 1393 1609 1427 in
1645 1404 1764 1428 causa

454 1451 550 1488 civili
596 1458 639 1486 ut
691 1451 918 1497 pecuniaria
968 1451 1044 1486 sive
1084 1451 1120 1484 in
1161 1462 1281 1486 causa
1322 1449 1514 1486 criminali
1555 1451 1662 1497 quod
1702 1462 1762 1486 ex-

454 1509 771 1546 communicatus
815 1507 916 1544 infra
960 1520 1109 1544 annum
1154 1509 1201 1544 sit
1245 1507 1435 1544 sollicitus
1469 1507 1518 1544 ad
1551 1507 1763 1544 delendum

453 1580 567 1604 suam
591 1567 1061 1611 excommunicacionem,
1094 1566 1155 1602 vel
1178 1566 1420 1602 declarando
1443 1578 1556 1602 suam
1580 1566 1762 1602 immuni—

451 1634 574 1662 tatem
608 1625 740 1672 quoad
773 1626 901 1660 Deum
934 1624 994 1659 vel
1026 1623 1304 1660 satisfaciendo
1338 1636 1410 1671 pro
1444 1624 1572 1671 culpa.

510 1685 565 1718 Ex
588 1682 779 1730 quotlibet
801 1682 944 1717 talibus
969 1681 1077 1717 dictis
1100 1682 1230 1729 legum
1256 1681 1451 1729 colligitur
1478 1682 1625 1717 nedum
1658 1682 1765 1729 quod

452 1744 521 1778 iste
565 1741 756 1777 terminus
801 1740 958 1776 civiliter
1003 1748 1060 1776 est
1104 1741 1293 1775 terminus
1339 1741 1441 1783 iuris,
1487 1748 1528 1775 ut
1572 1747 1682 1787 patet
1725 1741 1763 1775 in

453 1807 627 1848 quatuor
671 1797 767 1835 locis
813 1800 993 1845 superius
1039 1798 1227 1848 allegatis,
1273 1797 1340 1834 sed
1383 1810 1455 1834 nec
1489 1799 1596 1845 quod
1628 1798 1764 1845 legiste

451 1858 512 1894 vel
544 1858 606 1893 alii
638 1857 844 1904 rectiloqui
877 1857 1092 1893 extendunt
1124 1857 1174 1892 ad
1207 1857 1371 1892 verbum
1404 1868 1563 1891 omnem
1599 1856 1763 1891 modum

452 1918 529 1952 sive
562 1917 660 1951 bene
694 1916 770 1951 sive
805 1915 906 1951 male
939 1914 1073 1959 fuerin
1106 1915 1194 1950 ideo
1228 1915 1413 1950 doctores
1446 1913 1571 1950 nostri
1591 1926 1761 1961 quorum

452 1986 554 2010 unus
600 1974 689 2009 dicit
717 1968 722 2024 Ι
752 1973 858 2020 quod
903 1985 985 2008 non
1030 1980 1087 2008 est
1129 1973 1321 2008 terminus
1355 1973 1459 2015 iuris,
1501 1972 1597 2007 alius
1631 1980 1763 2007 autem

452 2033 541 2067 dicit
582 2031 959 2077 contradiccionem,
993 2042 1172 2067 asserens
1205 2031 1311 2077 quod
1346 2030 1518 2077 implicat
1551 2029 1796 2077 quemlibet?

454 2090 617 2125 modum
641 2090 744 2128 iuris.
771 2088 947 2124 inficiunt
971 2089 1111 2124 modos
1134 2090 1317 2136 proprios
1336 2096 1371 2123 et
1395 2095 1584 2124 accusant
1604 2096 1763 2123 sanctos

453 2149 637 2183 doctores
689 2155 731 2182 ut
774 2148 998 2191 Ysidorum,
1051 2148 1330 2194 Augustinum,
1385 2158 1522 2193 papas,
1581 2146 1764 2182 doctores

453 2207 595 2241 iurium
629 2214 747 2252 atque
771 2205 1046 2252 philosophos,
1082 2206 1145 2252 qui
1170 2217 1250 2239 non
1275 2206 1339 2245 sic,
1376 2205 1442 2239 sed
1467 2204 1578 2239 aliter
1602 2210 1765 2239 utuntur

453 2265 640 2300 terminis.
694 2264 858 2299 Ponitur
897 2264 998 2299 enim
1040 2264 1076 2297 in
1116 2263 1281 2298 decretis
1321 2261 1579 2298 distinccione
1612 2262 1659 2297 ΙΙΙ
1693 2262 1764 2297 sub

454 2323 689 2357 auctoritate
713 2322 876 2366 Ysidori,
906 2321 1013 2368 quod
1043 2320 1355 2356 constitucionzmz
1384 2320 1460 2355 alia
1489 2319 1611 2355 civilis
1631 2327 1665 2355 et
1688 2319 1764 2354 alia

454 2379 722 2425 ecclesiastica,
761 2387 797 2414 et
828 2379 888 2415 ille
914 2386 1109 2415 vocantur
1139 2377 1395 2414 distinccione
1418 2379 1450 2413 X
1475 2376 1765 2413 constituciones

453 2437 705 2473 ecclesiastice
756 2444 791 2472 et
840 2437 1052 2474 seculares.
1106 2436 1216 2472 Sicut
1261 2437 1362 2472 enim
1408 2436 1572 2471 ecclesia
1620 2436 1766 2482 regitur

454 2496 607 2531 duabus
640 2495 816 2543 partibus
850 2507 892 2531 ex
925 2495 1108 2542 opposito
1141 2495 1342 2539 distinctis,
1377 2494 1523 2530 scilicet
1557 2493 1705 2529 clericis
1730 2501 1766 2528 et

523 2651 546 2678 3.
575 2651 643 2678 dist.
677 2651 749 2678 l'III.
783 2650 877 2678 Cod.:
911 2651 950 2677 de
983 2651 1044 2678 SM.
1158 2651 1185 2677 (ἱ.
1221 2650 1315 2677 Cod.:
1350 2651 1494 2677 domante
1514 2668 1521 2676 .
1543 2670 1548 2676 .
1571 2669 1578 2676 .
1599 2649 1764 2676 domando.

937 2688 979 2702 Α

453 2728 497 2754 27.
519 2722 561 2747 ad
585 2721 719 2748 verbum.
747 2720 842 2748 Cod.:
869 2720 912 2748 ad
931 2706 981 2747 ἦ
1060 2720 1106 2753 34.
1129 2720 1223 2748 Cod.:
1240 2719 1306 2747 dist,
1329 2720 1366 2746 ΙΙ.
1387 2719 1492 2746 Recte:
1513 2718 1564 2754 Ill,
1587 2718 1764 2745 Gratianus.

523 2803 553 2836 8.
581 2804 765 2835 Gratianus
785 2804 827 2835 ad
847 2814 920 2846 cap.
939 2803 993 2846 ΙΙΙ,
1014 2803 1091 2834 dist.
1110 2803 1166 2835 VI.
1244 2812 1293 2835 12.
1320 2802 1403 2843 Cap.
1430 2802 1483 2834 IX.
1510 2802 1631 2843 Neque
1657 2802 1763 2834 enim.

460 2848 507 2881 16.
535 2850 617 2893 Cap.
643 2849 810 2882 XXXVII.
901 2849 952 2882 36.
984 2850 1167 2881 Gratianus
1193 2849 1235 2880 ad
1263 2849 1340 2880 dist.
1367 2848 1423 2891 IX,
1452 2858 1524 2890 cap.
1550 2847 1605 2881 XI.

1813 817 1871 858 175

1783 885 1821 905 10

1800 990 1830 1020 H

1784 1163 1820 1196 15
