2050 3292
240 207 327 235 cm).
350 197 478 252 xxm]
704 209 837 240 LIBER
864 208 1072 240 TERTIUS.
1745 202 1826 251 489

239 320 366 355 honor
409 328 501 352 suus
546 323 582 351 et
625 316 733 363 quod
776 316 924 351 bonum
972 326 1087 351 suum
1135 315 1310 364 undique
1358 315 1541 364 proficiat
1574 322 1678 350 Christ
1699 323 1811 350 should

238 389 357 425 quam
403 376 551 410 bonum
599 385 728 408 meum
774 372 995 420 proprium.
1051 373 1203 410 Taliter
1247 374 1351 410 enim
1385 382 1541 410 tenetur
1574 358 1688 426 ᾗῗξῃὲῗ
1708 366 1813 419 ᾆεὴζςε

239 433 405 483 quilibet
449 430 686 468 christianus
732 442 814 467 esse
862 430 1013 467 amicus
1047 431 1205 468 Christi.
1259 434 1306 468 Et
1348 440 1442 467 tunc
1481 432 1542 478 (ut
1563 427 1830 489 ζὲξῑιξῑῐὸξνξῇἳῑζδ

239 493 458 540 loquuntur
491 489 690 536 doctores)
733 487 914 524 imitatur
958 488 1086 535 ipsum
1123 489 1340 534 Christum,
1387 498 1425 525 et
1470 489 1541 526 hec
1568 470 1642 525 thaii
1661 504 1717 525 our
1737 504 1818 523 own.

206 548 416 586 5imitacio
462 548 593 584 dextre
637 546 777 583 excelsi
837 559 914 594 qua
958 545 1110 583 amicus
1155 546 1205 583 sit
1248 546 1413 583 civiliter
1457 545 1542 594 ipse

239 606 428 653 extinguit
459 616 576 642 omne
608 603 753 641 vicium
786 603 999 640 immutato
1034 612 1070 639 et
1102 603 1256 640 inducit
1277 617 1395 640 omne
1418 616 1541 652 genus

237 663 413 708 virtutis3
448 660 617 699 deservit
639 660 742 697 enim
768 660 994 708 superbiam
1022 674 1111 698 cum
1146 661 1357 710 utrobique
1391 660 1543 709 appetit

239 720 564 758 humiliacionem
608 727 650 754 ut
694 719 820 755 honor
865 727 902 755 et
935 718 1171 756 excellencia
1204 719 1275 756 Dei
1309 720 1540 766 clarescant,

239 792 328 816 cum
361 778 484 815 nichil
516 775 641 823 diligit
670 776 746 812 nisi
778 779 904 813 Deum
940 785 976 812 et
1008 777 1038 812 si
1071 790 1150 813 non
1180 779 1307 813 Deum
1341 776 1542 825 principa-

186 837 328 873 xoliter
359 844 401 873 ut
432 836 487 873 sic
521 833 648 881 diligit
680 833 831 882 aliquid
855 842 1053 879 creatum3
1086 835 1161 871 hoc
1184 834 1273 872 ideo
1297 835 1389 883 quia
1412 835 1544 883 placet

238 898 335 941 Deo,
382 902 419 930 et
463 893 494 929 si
527 905 650 928 unum
684 892 771 939 plus
804 891 882 928 alio
915 892 991 928 hoc
1022 892 1125 939 ideo,
1160 892 1253 941 quia
1291 894 1379 940 plus
1412 893 1543 940 placet

238 955 333 989 Deo.
381 953 479 988 Cum
525 963 616 998 ergo
658 962 740 986 non
783 950 870 997 plus
915 950 1045 997 placet
1077 953 1160 986 Deo
1193 951 1301 998 quod
1334 950 1420 999 quis
1454 951 1542 998 plus

236 1010 341 1047 vivat
373 1008 540 1046 civiliter
571 1020 690 1056 quam
715 1006 1027 1055 exproprietarie
1060 1009 1127 1044 sed
1152 1016 1327 1057 econtra,
1359 1003 1539 1059 videtui-l

124 1066 200 1111 198(Ῑι
238 1068 344 1115 quod
375 1068 501 1104 factus
534 1066 582 1103 sit
613 1078 714 1102 unus
754 1065 916 1113 spiritus
955 1078 1043 1102 cum
1078 1067 1162 1102 Deo
1201 1079 1282 1102 non
1315 1066 1417 1102 ultra
1448 1074 1543 1101 tunc

184 1125 403 1162 15civiliter
447 1123 665 1172 dominari3
711 1124 819 1171 quod
863 1123 894 1160 si
927 1123 1033 1169 facit,
1080 1123 1210 1159 minus
1255 1123 1382 1171 diligit
1414 1126 1542 1159 Deum

238 1196 355 1231 quam
382 1183 555 1219 deberet.
589 1183 636 1217 Et
663 1193 751 1217 cum
785 1180 915 1217 omnis
946 1180 1075 1217 viator
1107 1181 1148 1217 in
1180 1189 1371 1229 quantum
1406 1189 1545 1228 peccat

239 1249 275 1277 et
319 1240 452 1278 deficit
495 1253 517 1276 a
561 1238 782 1276 dileccione
826 1238 911 1285 Dei,
962 1238 1093 1275 minus
1138 1240 1300 1286 prodest
1344 1238 1540 1286 proximo,

238 1307 347 1346 patet
391 1298 500 1346 quod
545 1296 675 1333 omnis
720 1295 948 1332 huiusmodi
984 1305 1119 1343 peccat
1152 1296 1193 1332 in
1224 1296 1464 1345 proximum,
1499 1308 1544 1332 eo

239 1357 346 1405 quod
380 1355 509 1391 minus
542 1362 650 1391 amat
682 1354 906 1402 proximum
940 1355 1212 1401 prodessendo
1246 1354 1348 1390 sicut
1381 1355 1428 1390 de
1459 1355 1544 1402 lege

183 1423 378 1450 20nature
423 1414 583 1449 deberet
626 1413 731 1448 iuxta
777 1413 878 1448 hanc
925 1411 1158 1448 maximam:
1205 1412 1275 1448 hoc
1307 1412 1442 1460 facias
1480 1412 1547 1447 alii

238 1472 339 1520 quod
381 1471 448 1507 tibi
490 1471 545 1507 vis
578 1470 686 1520 fieri,
731 1482 811 1506 non
856 1469 984 1506 solum
1024 1469 1262 1517 temporalia
1295 1482 1370 1517 que
1403 1469 1546 1506 debent

242 1542 324 1566 esse
358 1528 588 1565 communia
621 1527 856 1564 naturaliter
889 1529 1191 1575 sequestrando,
1232 1528 1300 1564 sed
1333 1528 1456 1575 (quod
1489 1527 1542 1563 in-

241 1587 395 1622 finitum
448 1586 574 1623 maius
620 1586 704 1630 est),
755 1584 978 1633 spiritualia
1023 1585 1211 1633 suffragia
1261 1585 1546 1621 subtrahendo.

242 1646 341 1681 Cum
388 1657 481 1692 ergo
526 1645 641 1680 debet
685 1643 786 1679 scire
825 1645 952 1679 Deum
985 1643 1083 1679 velle
1128 1645 1235 1691 quod
1267 1642 1478 1679 iocundius
1512 1651 1548 1679 et

185 1702 223 1734 25
241 1701 396 1750 plenius
429 1701 612 1749 proficiat
663 1700 737 1736 sibi
791 1710 827 1736 et
880 1700 981 1746 aliis,
1044 1709 1153 1748 patet
1216 1702 1309 1736 dum
1367 1701 1449 1737 vult
1492 1700 1547 1737 sic

238 1759 366 1807 magis
399 1759 526 1795 vivere
560 1771 678 1807 quam
715 1761 797 1794 Deo
829 1757 1070 1806 placencius,
1112 1760 1217 1806 quod
1251 1766 1293 1794 ut
1326 1758 1380 1795 sic
1414 1758 1547 1794 deficit

241 1830 262 1853 a
296 1817 472 1854 caritate.
522 1819 610 1853 Non
644 1815 747 1852 enim
782 1816 864 1852 vult
895 1815 950 1852 sic
982 1815 1146 1853 remisse
1191 1816 1351 1864 diligere
1384 1825 1548 1864 propter

242 1877 382 1920 Deum,
429 1887 474 1910 eo
519 1876 628 1922 quod
660 1886 733 1910 nec
767 1876 870 1910 Deus
915 1875 1111 1921 approbat
1148 1873 1258 1910 illam
1291 1873 1547 1919 eleccionem,

241 1945 313 1969 nec
358 1931 446 1968 finis
494 1932 576 1968 eius
610 1940 666 1968 est
698 1940 740 1967 ut
773 1934 878 1967 Deus
911 1932 997 1978 plus
1031 1931 1330 1975 honorificetur,
1378 1933 1443 1968 sed
1491 1931 1547 1967 di-

185 1991 225 2022 30
241 1998 345 2026 recte
378 1990 620 2037 oppositum.
656 1990 868 2034 Quomodo
901 2001 992 2036 ergo
1026 1988 1153 2037 diligit
1186 1989 1273 2037 quis
1306 1989 1414 2024 illam
1451 1989 1547 2025 elec-

242 2048 396 2090 cionem
422 2056 581 2095 propter
604 2048 756 2084 Deum?
790 2048 890 2083 Cum
915 2059 1008 2094 ergo
1032 2055 1115 2082 tota
1144 2056 1280 2083 nostra
1315 2046 1546 2094 premiacio,

242 2114 325 2141 tota
359 2105 515 2152 peccati
550 2104 774 2150 evacuacio,
822 2113 859 2141 et
904 2116 973 2152 per
1012 2116 1260 2153 consequens
1292 2113 1373 2141 tota
1407 2103 1547 2151 religio

241 2171 318 2199 stat
363 2162 401 2198 in
446 2162 611 2199 caritate
656 2174 731 2211 que
773 2171 829 2198 est
862 2162 932 2198 Dei
967 2162 1151 2207 dileccio;
1200 2170 1307 2210 patet
1351 2171 1545 2210 quantum

175 2222 201 2251 D
242 2220 481 2257 christianus
514 2222 563 2256 ad
596 2220 723 2267 ipsam
758 2219 991 2257 intenderet.
1031 2221 1117 2255 Stat
1151 2233 1243 2268 ergo
1278 2219 1348 2255 Dei
1382 2219 1547 2255 dileccio

185 2278 280 2314 35in
314 2278 384 2313 Dei
419 2277 777 2325 contemplacione,
825 2278 1043 2313 arduorum
1079 2290 1150 2324 pro
1185 2277 1267 2314 eius
1301 2276 1448 2313 amoris
1483 2290 1546 2324 ag-

242 2335 442 2383 gressione
476 2343 512 2372 et
544 2335 583 2370 in
614 2334 897 2382 temporalium
932 2334 1174 2374 abieccione.
1207 2336 1276 2372 Ille
1301 2347 1394 2382 ergo
1419 2337 1546 2370 Deum

127 2398 202 2438 199?
242 2392 366 2429 alcius
390 2393 685 2440 contemplatur
703 2392 770 2440 qui
789 2388 791 2444 l
809 2392 1002 2428 sincerius
1025 2392 1153 2440 ipsum
1175 2392 1291 2435 videt,
1317 2405 1359 2428 ex
1383 2392 1545 2428 dulcore
1581 2406 1623 2433 He
1645 2406 1713 2433 who
1735 2407 1814 2435 mm,

1608 2442 1694 2468 loves
1717 2441 1785 2469 God
1798 2438 1805 2442 ’

242 2450 470 2487 devocionis
514 2451 602 2498 plus
635 2450 807 2486 afficitur
839 2450 912 2486 sibi
946 2458 982 2486 et
1014 2450 1103 2497 igne
1140 2449 1290 2486 amoris
1324 2449 1450 2497 magis
1483 2462 1546 2485 ac-
1578 2477 1659 2503 loses
1680 2477 1716 2503 a„
1737 2476 1810 2503 fear.

243 2507 434 2551 cenditur,
479 2520 554 2555 que
587 2507 617 2543 si
651 2509 847 2543 habentur
880 2507 1118 2544 fortificatus
1156 2507 1355 2555 ingressus
1388 2508 1438 2543 ad
1471 2516 1547 2543 ter-

182 2577 227 2607 40
243 2564 374 2601 ribilia
417 2578 489 2613 pro
518 2565 593 2601 fide
627 2565 773 2601 Christi
820 2574 855 2601 et
888 2564 1058 2601 utilitate
1092 2565 1255 2601 ecclesie
1300 2564 1545 2611 sustinenda,

243 2635 332 2659 cum
366 2623 510 2659 caritas
537 2623 661 2670 foras
700 2623 813 2658 mittit
845 2624 1031 2659 ruborem
1066 2631 1103 2659 et
1135 2623 1332 2667 tz'morenz,·
1371 2630 1407 2658 et
1439 2622 1547 2670 quic-

310 2733 351 2767 16,
374 2741 413 2767 17.
434 2732 528 2760 Cod.:
551 2731 653 2767 deficit
672 2735 703 2760 et
716 2736 834 2768 peccat.
932 2732 973 2760 25.
994 2733 1089 2760 Cod.:
1107 2736 1193 2768 patet
1212 2733 1302 2768 quod.

311 2813 366 2843 41.
394 2803 676 2846 1.J0h.1V‚18..
