2050 3292
217 256 296 294 402

233 367 299 394 The
320 368 383 395 rule
404 368 467 394 that

218 403 267 430 the
288 403 392 438 clei-gy
414 402 489 441 shall

233 442 285 464 not
306 438 383 464 have
404 437 472 464 C1vil

217 477 363 507 property
385 472 409 498 is
432 480 449 497 o
456 480 470 498 n
477 480 491 498 e

228 507 291 534 that
311 511 422 534 cannot
445 507 479 533 be

217 541 384 577 dispensed
405 541 488 568 with.

293 2390 426 2419 Cllt‘ist's

253 2427 408 2459 counsels,
430 2435 462 2453 as

237 2462 424 2495 interpretcd
448 2461 486 2497 by

294 2496 434 2522 Calliolic

296 2531 433 2563 doctors‚

296 2569 378 2592 must
400 2566 434 2591 be

928 255 986 286 DE
1015 255 1151 287 CIVILI
1180 255 1390 287 DoMiNJo.
1605 244 1712 296 [CAP.
1738 252 1816 280 xix.

565 363 611 396 Et
646 370 840 409 quantum
877 363 924 397 ad
948 361 1308 410 ‘dispensacionem
1344 370 1453 410 patet
1488 374 1529 397 ex
1563 374 1654 410 sepe
1704 362 1817 398 dictis

506 419 615 466 quod
639 428 799 467 oportet
833 419 1180 467 dispensacionem
1207 420 1380 456 divinam
1407 433 1567 456 omnem
1594 422 1813 456 humanam

506 478 733 524 precedere.
789 478 903 513 Unde
949 478 1204 515 Bernhardus
1251 480 1300 514 ad
1346 477 1566 526 Eugenium
1616 478 1715 514 libro
1750 480 1816 513 III:

511 535 583 570 Ubi
603 536 807 571 necessitas
831 543 958 585 urget,
982 536 1214 572 excusabilis
1239 536 1476 585 dispensacio
1501 544 1567 582 est,
1593 537 1654 571 ubi
1676 536 1819 571 utilitas

500 601 704 641 provocat,
731 594 968 642 dispensacio
992 594 1197 630 laudabilis
1221 601 1287 631 est.
1318 594 1471 629 Utilitas
1487 595 1570 630 dico
1596 594 1817 636 communis,
1837 597 1851 628 5

506 663 578 686 non
598 651 786 700 propria‚·
818 664 903 687 nain
929 664 1013 687 cum
1039 652 1157 687 nichil
1190 654 1327 688 lior-nin
1362 660 1428 697 est,
1463 664 1534 687 non
1555 652 1819 701 planefidelis

507 709 744 757 dispensacio
776 710 845 745 sed
882 710 1050 745 crudelis
1076 710 1314 758 dispensacio
1348 717 1414 746 est.
1450 711 1503 745 Ex
1528 723 1606 757 quo
1632 718 1740 757 patet
1766 713 1819 753 (ut

506 766 583 802 dixi
617 766 796 815 superius
830 767 1013 815 capitulis
1042 768 1110 802 XV
1136 776 1171 803 et
1204 769 1318 812 XVII)
1355 770 1462 815 quod
1498 768 1682 804 dominus
1717 780 1818 815 papa

505 837 585 860 non
615 821 618 876 Ι
649 824 853 873 dispensat
878 834 1018 861 contra
1042 826 1276 873 Apostolum
1303 825 1459 861 dicente
1484 825 1706 874 Augustino
1740 837 1818 860 ser-

508 894 624 918 mone
657 882 799 919 ultimo
833 885 890 919 De
914 882 1053 919 Verbis
1088 883 1272 920 Domini:
1307 884 1406 929 Non,
1439 883 1582 931 inquit,
1613 895 1819 932 possumus

507 940 635 976 dicere
679 941 770 989 quid
822 949 877 977 est
922 941 1023 990 quod
1068 941 1248 988 loqueris.
1304 941 1343 977 Si
1378 941 1483 977 enim
1519 942 1594 977 hoc
1625 941 1819 989 Apostolo

507 997 735 1043 dixerimus,
771 998 846 1046 ipsi
881 998 1039 1035 Christo
1074 998 1256 1035 dicimus.
1304 1000 1418 1035 Unde
1451 1000 1672 1035 secundum
1706 1011 1819 1034 sanc-

506 1065 588 1091 tum
623 1057 824 1092 Thomam
871 1058 1045 1093 secunda
1090 1058 1281 1093 secunde:
1336 1057 1400 1092 Aa
1444 1057 1613 1105 infimum
1646 1058 1819 1107 gradum

507 1114 683 1150 caritatis
707 1115 921 1163 requiritur
944 1115 1045 1163 quod
1068 1127 1140 1150 non
1165 1115 1357 1165 diligatur
1380 1115 1526 1163 aliquid
1548 1127 1669 1163 supra
1693 1115 1817 1150 Deum

507 1184 572 1208 nec
606 1180 740 1208 contra
766 1173 905 1208 Deum.
941 1173 981 1209 Si
1014 1172 1134 1220 igitur
1157 1185 1261 1220 papa
1286 1172 1490 1220 dispensat
1515 1181 1654 1209 contra
1678 1174 1818 1217 Deum,

507 1242 595 1265 cum
622 1230 750 1278 diligit
773 1230 869 1266 illud
893 1230 1179 1279 dispensatum,
1200 1230 1327 1278 diligit
1350 1230 1497 1278 aliquid
1524 1239 1660 1267 contra
1677 1232 1818 1275 Deum,

507 1300 755 1336 consequens
779 1300 1005 1325 erroneum.
1043 1289 1155 1325 Unde
1178 1290 1239 1338 XI,
1272 1288 1480 1337 questione
1503 1290 1564 1334 ΙΙΙ,
1590 1288 1726 1324 scribit
1748 1290 1819 1324 Fa-

507 1345 647 1382 bianus
685 1359 808 1395 papa:
849 1347 927 1397 Qti
958 1346 1251 1396 omnipotentem
1276 1348 1399 1383 Deum
1424 1347 1555 1382 nietuit
1588 1359 1653 1382 nec
1686 1353 1820 1382 contra

508 1405 751 1455 evangelium
787 1417 852 1440 nec
885 1413 1019 1441 contra
1067 1405 1262 1454 apostolos
1307 1417 1373 1440 nec
1417 1412 1552 1440 contra
1596 1411 1819 1440 sanctoruni

503 1469 662 1510 patrum
697 1463 867 1499 instituta
900 1475 1022 1513 agere
1054 1463 1200 1511 aliquid
1233 1463 1428 1498 ullomodo
1474 1464 1668 1499 consentit.
1710 1462 1820 1498 Sicut

508 1519 629 1567 igitur
662 1533 742 1557 non
767 1521 1022 1568 dispensatur
1057 1530 1195 1557 contra
1228 1520 1397 1557 tei-cium
1433 1522 1665 1557 mandatum
1691 1519 1820 1568 prime

508 1579 642 1614 tabule
676 1588 840 1626 propter
872 1578 1143 1615 variacionem
1168 1592 1189 1615 a
1212 1579 1383 1626 septima
1416 1578 1513 1615 feria
1547 1580 1595 1614 ad
1621 1587 1817 1620 octavam,

509 1648 598 1671 cum
645 1636 700 1672 sic
744 1637 884 1672 liceret
929 1637 1058 1673 facere
1105 1645 1245 1673 contra
1292 1638 1527 1672 mandatum
1576 1649 1644 1684 per
1688 1644 1815 1671 totum

507 1693 709 1730 residuum
759 1694 994 1742 septimane,
1043 1694 1099 1731 sic
1132 1707 1203 1730 nec
1235 1694 1327 1730 licet
1372 1694 1600 1742 dispensare
1645 1703 1686 1729 ut
1732 1694 1819 1742 quis

508 1752 627 1788 simul
659 1752 707 1788 sit
741 1765 838 1800 pure
872 1752 1038 1788 clericus
1073 1761 1109 1789 et
1143 1752 1434 1800 proprietarius
1481 1752 1618 1795 civilis,
1665 1751 1852 1788 dicente2

509 1819 649 1846 sancto
682 1811 841 1846 Thoma
874 1812 1050 1847 secunda
1095 1812 1280 1853 secunde,
1321 1810 1539 1847 centesima
1573 1809 1820 1858 octogesima

510 1876 649 1905 octava
683 1869 904 1916 questione,
940 1869 1111 1905 articulo
1145 1877 1252 1905 sexto
1276 1868 1315 1904 in
1341 1869 1430 1914 fine,
1466 1869 1699 1916 exponendo
1724 1868 1819 1903 illud

509 1926 702 1962 Jeronimi
750 1926 918 1974 epistola
951 1927 1111 1962 XXXIV
1150 1928 1199 1963 ad
1244 1926 1540 1974 Nepocianum:
1593 1927 1669 1970 Qui
1711 1927 1822 1961 liabet

511 1992 624 2020 extra
658 1985 868 2020 Dominum
905 1997 975 2021 non
1021 1985 1209 2035 dignatur
1242 1984 1434 2020 Dominus
1473 1997 1570 2033 pars
1604 1986 1682 2020 eius
1715 1983 1822 2033 fieri.

510 2042 592 2088 Ille,
639 2041 782 2090 inquit,
827 2055 910 2078 cuni
946 2043 1029 2078 Deo
1062 2043 1160 2079 alias
1187 2050 1324 2091 partes
1357 2043 1481 2085 habet,
1516 2043 1621 2078 czu'us
1653 2042 1820 2078 studium

511 2099 736 2135 diminuitur
768 2101 873 2136 circa
906 2113 947 2136 ea
970 2113 1039 2149 que
1069 2108 1156 2136 sunt
1172 2101 1258 2143 Dei,
1292 2101 1381 2135 dunz
1416 2100 1627 2135 intenditur
1660 2100 1731 2135 hiis
1754 2111 1823 2147 que

510 2165 597 2193 sunt
641 2159 784 2196 mundi.
833 2158 895 2194 Sic
940 2166 1065 2194 autern
1112 2172 1184 2195 non
1231 2159 1364 2194 debent
1403 2159 1534 2194 clerici
1566 2158 1625 2193 vel
1657 2157 1824 2207 episcopi

506 2216 714 2264 proprium
752 2217 969 2265 possidere.
1005 2213 1008 2269 Ι
1045 2218 1091 2251 Et
1123 2217 1199 2253 hoc
1244 2217 1397 2252 ostendi
1433 2215 1541 2264 sequi
1578 2217 1625 2251 ad
1661 2228 1819 2252 omnem

511 2273 796 2320 proprietatem
832 2273 985 2310 civilem
1022 2274 1259 2320 clericalem,
1294 2287 1374 2310 non
1407 2283 1539 2310 autem
1565 2275 1614 2310 ad
1644 2273 1821 2321 proprie—

512 2339 635 2367 tatem
671 2332 942 2380 dispensandi,
977 2332 1225 2379 gubernandi
1260 2333 1319 2368 vel
1353 2334 1559 2368 moderate
1593 2331 1744 2367 utendi.

571 2389 746 2426 Ulterius
780 2392 913 2439 quoad
947 2390 1081 2426 omnia
1106 2390 1251 2427 Christi
1286 2390 1453 2426 consilia
1477 2390 1566 2426 dico
1596 2390 1702 2437 quod
1738 2389 1821 2436 ipsa

513 2447 649 2483 omnia
694 2448 795 2484 sicut
829 2457 866 2483 et
910 2456 992 2484 tota
1038 2448 1232 2496 scriptura
1278 2461 1392 2484 sacra
1437 2456 1527 2484 sunt
1559 2448 1606 2484 ad
1647 2447 1821 2482 litteram

513 2505 772 2550 observanda,
808 2519 896 2542 cum
922 2506 1097 2554 quelibet
1131 2506 1326 2554 scripture
1359 2505 1555 2554 particula
1589 2505 1636 2541 sit
1671 2506 1717 2540 de
1751 2504 1824 2540 vir-

582 2734 613 2763 4.
648 2725 729 2765 Cap.
765 2724 817 2756 lV.
945 2735 974 2765 7.
1009 2725 1099 2766 Opp.
1132 2733 1203 2755 tom
1238 2726 1276 2766 V⁷
1310 2723 1386 2755 620.
1499 2726 1548 2757 13.
1586 2726 1631 2757 St.
1666 2724 1823 2756 Tliomae

516 2771 697 2810 Aquinatis
724 2771 743 2802 1.
765 2781 790 2802 e.
812 2772 970 2811 quaestio
994 2772 1094 2810 XXV,
1125 2778 1182 2803 art.
1212 2772 1230 2803 Ι.
1311 2781 1357 2811 17.
1392 2771 1522 2802 Decret.
1550 2772 1703 2802 secunda
1735 2782 1823 2812 pars,

515 2826 618 2847 causa
644 2816 694 2856 Xl,
723 2826 754 2857 q.
790 2817 840 2854 ΙΙΙ,
881 2827 953 2858 cap.
993 2817 1095 2850 XCV.
1217 2816 1268 2847 26.
1297 2818 1342 2848 St.
1369 2816 1529 2848 'I'homac
1557 2818 1647 2859 Opp.
1673 2825 1757 2849 tom.
1784 2818 1823 2856 X,

515 2874 531 2901 4
541 2873 592 2904 70.
619 2861 696 2902 480.

1872 825 1946 857 162ι

1842 896 1878 915 ΙΟ

1843 1186 1876 1216 13

1840 1475 1879 1496 20

1839 2046 1879 2077 '30

1867 2218 1943 2250 [(32ι
