2050 3292
209 221 297 249 CAp.
323 210 416 267 xix]
676 223 809 254 LIBER
836 222 1046 254 TERTIUS.
1719 211 1796 259 387

211 341 461 377 consequens
490 329 578 377 plus
611 329 809 365 solverent
842 330 958 376 burse
991 327 1133 375 prelati
1167 333 1381 374 antequam
1416 326 1513 362 illud

210 387 356 423 vicium
390 387 636 434 publicetur3
670 399 750 422 non
783 386 838 421 sic
871 394 1001 422 autem
1027 387 1074 421 de
1108 384 1293 422 avaricia.
1329 386 1513 420 Secundo

211 445 303 493 quia
336 445 433 480 illud
478 453 686 492 peccatum
720 444 757 479 in
793 455 935 491 genere
974 445 1226 480 sacerdotum
1262 451 1341 478 tam
1377 451 1514 489 paten-

211 512 271 539 ter
292 502 489 550 prevaluit
522 504 629 550 quod
662 510 745 538 tam
780 503 1008 538 sacerdotes
1042 500 1266 548 superiores
1300 512 1418 548 quam
1458 500 1515 535 in-

179 560 373 596 §seriores
406 560 557 596 inficiat
591 568 627 595 et
651 572 731 596 non
756 559 992 607 relinquitur
1026 560 1072 595 de
1105 558 1219 595 nobis
1243 559 1310 606 qui
1344 558 1416 594 rite
1441 559 1515 593 hoc

210 618 349 666 puniat
381 619 441 654 vel
474 618 540 666 qui
574 626 738 666 propter
762 617 1082 653 inobedienciam
1107 625 1215 652 tante
1250 615 1516 652 multitudinis

211 676 466 724 punicionem
500 675 688 724 recipiat3
728 675 846 712 hodie
879 688 1054 723 namque
1088 684 1145 711 est
1177 675 1217 710 in
1252 674 1432 718 ecclesia,
1466 673 1516 709 si-

211 743 275 770 cut
308 734 348 770 in
381 743 561 782 tempore
578 734 760 783 Jeremie,
783 736 926 770 Jerem.
950 735 1013 780 Vl,
1043 745 1110 783 13:
1143 733 1175 768 A
1208 733 1350 769 minori
1381 732 1517 781 quippe

210 804 326 840 usque
358 793 409 828 ad
440 793 653 828 maximum
687 804 817 828 omnes
849 792 1018 827 avaricie
1049 792 1203 827 student
1225 798 1259 826 et
1283 790 1516 840 apr-opheta

160 862 326 898 musque
358 851 409 885 ad
439 851 678 886 sacerdotem
713 850 840 885 cuncti
858 850 1016 898 faciunt
1049 849 1193 885 dolum.

144 913 169 941 Η
267 907 408 944 Tercio
432 908 525 956 quia
547 908 622 944 hoc
646 915 853 955 peccatum
878 916 1010 955 potest
1042 907 1182 954 pocius
1206 906 1361 954 palliari
1396 918 1515 954 quam
1609 920 1632 947 3.
1654 920 1678 947 It
1699 921 1724 948 is.

209 965 377 1012 luxuria,
403 978 448 1002 eo
472 966 578 1014 quod
612 966 840 1013 ignorantes
864 964 1062 1001 fallaciam
1097 964 1376 1012 consequentis
1400 977 1516 1011 argu-
1574 955 1762 1024 digiiizugintsii

210 1032 281 1059 unt
314 1036 384 1071 per
415 1024 549 1060 locum
585 1025 633 1059 ab
669 1022 927 1059 insufficienti
962 1022 1244 1059 similitudine:
1278 1022 1369 1058 licet
1402 1021 1517 1057 nobis
1569 1026 1660 1063 gre-ed
1684 1026 1763 1052 from

211 1082 357 1117 habere
379 1081 632 1129 temporalia,
665 1093 756 1128 ergo
780 1082 1148 1128 quomodocunque
1182 1080 1402 1128 acquirere,
1427 1079 1518 1115 licet
1551 1061 1728 1129 lawgsslogze
1749 1061 1780 1086 or

160 1139 325 1175 15n0bis
371 1151 501 1175 emere
533 1139 612 1175 vite
651 1138 879 1175 necessaria
911 1148 948 1175 et
979 1147 1023 1174 ut
1058 1138 1347 1174 distribuamus
1394 1137 1517 1184 magis

210 1206 300 1245 apte
339 1197 595 1246 pauperibus,
639 1197 730 1233 licet
768 1197 885 1233 nobis
929 1197 1099 1232 vendere
1145 1196 1259 1232 nobis
1304 1196 1518 1244 superflua,

90 1257 165 1290 150¹)
211 1267 305 1302 ergo
339 1255 507 1291 mercari
541 1254 718 1300 civiliter,
754 1264 790 1291 et
816 1255 871 1291 sic
895 1255 1000 1291 intro
1030 1251 1034 1305 Ι
1063 1254 1221 1290 ducitur
1254 1266 1372 1290 omne
1396 1266 1518 1301 genus

211 1312 479 1361 perquirendi,
525 1313 764 1361 negociandi
810 1322 847 1349 et
891 1312 1161 1349 contendendi
1207 1314 1278 1348 sub
1323 1311 1519 1359 ypocrisis

210 1371 313 1417 fuco,
349 1383 395 1407 eo
419 1372 526 1418 quod
560 1380 671 1407 actus
706 1370 915 1407 extrinseci
949 1382 1068 1418 super
1101 1370 1245 1418 quibus
1279 1369 1385 1406 cadit
1418 1369 1519 1405 iudi-

157 1442 195 1462 ρο
212 1428 316 1464 cium
341 1437 507 1476 possunt
539 1430 638 1465 bene
663 1428 749 1464 fieri
785 1437 820 1464 et
853 1441 973 1476 super
1006 1427 1235 1464 intencione
1268 1427 1440 1464 faciendi
1474 1440 1519 1463 ac

213 1486 427 1523 elemosine
460 1486 762 1523 ministracione
809 1487 1045 1523 abscondita
1090 1499 1171 1522 non
1204 1494 1312 1534 patet
1356 1485 1519 1533 prelatis

212 1553 352 1592 patens
383 1544 589 1593 probaciO.

268 1604 317 1638 Et
362 1611 506 1651 quarto
554 1602 766 1639 occasione
813 1602 984 1638 avaricie
1029 1603 1283 1638 sacerdotum
1319 1602 1361 1638 fit
1394 1601 1520 1649 magis
1557 1613 1586 1637 4·
1610 1603 1788 1642 Woalthinv

212 1662 361 1696 bonum
396 1662 443 1697 de
476 1673 618 1708 genere
666 1662 894 1697 redundans
939 1662 988 1696 ad
1027 1660 1241 1696 utilitatem
1288 1659 1518 1708 reipublice,
1562 1639 1785 1708 tlgfiehglrsscggyot

157 1718 251 1754 25in
275 1727 429 1754 tantum
456 1720 563 1766 quod
596 1718 770 1755 artifices
804 1727 969 1766 propter
1002 1727 1186 1765 questum
1222 1730 1339 1766 quem
1374 1718 1522 1754 habent
1555 1709 1661 1735 entists
1683 1716 1722 1735 on
1744 1709 1781 1735 ῆς

1538 1743 1602 1770 side
1623 1744 1672 1770 the
1693 1751 1726 1769 av
1747 1744 1770 1769 is
1790 1752 1802 1769 s

212 1778 392 1823 parando
440 1776 592 1812 clericis
632 1776 769 1813 omnia
802 1788 947 1823 genera
988 1776 1243 1824 vesffibilium,
1288 1774 1520 1812 utensilium
1547 1779 1605 1805 and
1628 1748 1795 1805 craftssineii

213 1842 249 1869 et
283 1843 613 1870 ornamentorum
659 1835 879 1870 secundum
926 1845 1204 1881 sumptuosam
1246 1833 1519 1870 curiositatem
1601 1813 1753 1883 {sgssffiysst

213 1893 440 1939 approbant
473 1901 510 1928 et
543 1892 762 1928 defendunt
796 1893 942 1928 abusus
975 1893 1174 1928 bonorum
1199 1891 1239 1927 in
1272 1891 1439 1937 clericis,
1475 1903 1521 1926 eo

214 1951 321 1997 quod
354 1949 429 1997 ipsi
462 1952 660 1986 bonorum
685 1962 909 1998 pauperum
945 1958 1035 1985 sunt
1067 1951 1265 1997 predones
1289 1949 1519 1997 participes,

157 2007 314 2044 3osicut
358 2009 442 2043 Act.
477 2009 564 2043 XIX
607 2008 835 2044 Demetrius
889 2007 1141 2055 argentarius
1195 2007 1378 2055 persequi
1432 2006 1523 2043 fecit

215 2066 395 2109 Paulum,
442 2077 487 2101 eo
521 2068 629 2113 quod
675 2065 910 2114 predicabat
956 2074 1094 2102 contra
1137 2065 1337 2113 ydolatria
1370 2067 1521 2113 Dyane,

213 2123 252 2158 id
276 2132 333 2159 est
366 2125 435 2159 dee
469 2124 562 2159 lune
595 2136 714 2172 quam
739 2123 887 2171 Asyani
921 2124 1142 2163 coluerant.
1178 2125 1225 2159 Et
1258 2123 1297 2159 in
1321 2123 1396 2160 ista
1429 2135 1521 2159 con-

212 2180 437 2228 spiracione
481 2182 668 2218 laborant
714 2181 892 2229 duplices
937 2181 1076 2229 legiste
1122 2190 1158 2218 et
1198 2180 1323 2229 aliqui
1370 2180 1523 2216 domini

213 2239 455 2287 temporales
501 2248 538 2275 et
570 2239 693 2287 aliqui
738 2247 903 2287 propter
950 2250 1110 2275 carnem
1146 2247 1182 2275 et
1215 2238 1449 2286 sanguinem
1487 2247 1523 2274 et

157 2299 194 2330 35
214 2295 279 2332 alii
313 2304 477 2344 propter
510 2296 679 2335 lucrum.

272 2356 314 2389 ln
347 2354 535 2390 omnibus
568 2354 652 2390 istis
685 2366 896 2402 possumus
932 2354 1157 2390 discernere
1190 2353 1291 2390 inter
1325 2353 1461 2389 fideles
1486 2361 1522 2388 et
1549 2366 1616 2394 The
1637 2367 1799 2394 differeuce

201 2408 393 2448 'infideles
440 2414 663 2448 secundum
699 2413 806 2460 quod
841 2424 956 2448 amor
988 2412 1028 2447 in
1062 2412 1116 2447 eis
1149 2413 1432 2459 preponderat.
1481 2410 1521 2446 Si
1540 2403 1673 2428 between
1689 2402 1808 2429 faithful

215 2469 319 2505 enim
354 2469 442 2518 quis
475 2483 555 2506 non
588 2470 794 2518 postponit
839 2482 1017 2505 amorem
1059 2469 1344 2517 temporalium
1380 2480 1521 2516 paren·
1559 2436 1804 2509 igdslfflii'asitlilill

214 2535 297 2563 tum
342 2540 478 2574 ymmo
509 2527 584 2564 vite
628 2527 791 2576 proprie
825 2539 962 2563 amore
996 2527 1157 2574 Christi,
1204 2539 1285 2563 non
1331 2535 1388 2563 est
1435 2526 1522 2573 ipso
1563 2507 1786 2567 uigeat->Regem

155 2597 198 2627 40
214 2584 370 2633 dignus,
404 2594 447 2621 ut
480 2584 624 2621 dicitur
657 2586 750 2623 Luc.
783 2586 880 2623 XIV.
914 2586 1023 2621 Idem
1058 2593 1192 2622 autem
1227 2593 1285 2621 est
1317 2584 1521 2621 Christum

214 2642 378 2690 diligere
412 2650 447 2679 et
480 2642 644 2690 diligere
678 2655 866 2691 sponsam
901 2656 1029 2690 suam,
1076 2644 1272 2679 servando
1313 2641 1396 2678 eius
1431 2654 1523 2678 con-

283 2798 305 2826 5.
339 2799 433 2826 Cod.:
465 2798 623 2833 inficiens;
654 2800 695 2826 ib.
729 2799 823 2827 Cod.:
857 2802 885 2826 et
916 2799 1009 2826 deest.
1170 2807 1196 2834 7.
1231 2798 1325 2825 Cod.:
1360 2798 1524 2833 recipiant.

216 2832 251 2860 18.
274 2833 368 2860 Cod.:
384 2834 536 2868 ypocrisi.

1320 2881 1392 2913 25³4
