2050 3292
223 256 304 292 394

221 373 251 395 to
268 371 312 394 set
332 375 372 400 up
395 365 492 399 kings,

281 402 341 429 and
364 401 429 428 that

934 252 991 282 ne
1021 251 1155 282 Civitit
1185 252 1393 283 noinNto
1602 239 1705 294 [cim
1733 247 1811 275 xix.

509 357 726 405 penalibus,
762 370 854 405 ergo
886 366 1125 405 potestatem
1161 366 1198 393 et
1232 357 1558 394 iurisdiccionem
1593 357 1821 394 consimiles

230 437 360 472 prelatos
382 436 411 462 j„
434 435 484 461 the
508 425 628 464 atque
662 415 834 451 maiores
868 415 1067 451 concessit
1088 415 1251 463 prelatis
1274 429 1374 452 nove
1398 416 1512 464 legis;
1545 416 1676 452 Minor
1700 425 1821 465 patet,

318 479 385 497 new

255 505 468 539 dispensation

234 547 315 567 must
338 542 413 566 have
435 540 484 566 tlte

261 583 344 602 same
366 582 479 609 power.

235 1292 258 1318 It
280 1292 305 1318 is
327 1295 393 1317 truc
416 1290 479 1316 that

274 1327 323 1353 the
344 1325 381 1352 N.
404 1325 442 1351 T.

257 1361 367 1396 priests
390 1360 465 1386 liare

293 1404 308 1421 a
332 1403 417 1421 more

288 1430 433 1456 excellent

282 1465 437 1500 niinistry,

272 1523 324 1551 but
345 1524 367 1550 it
387 1523 412 1549 is
435 1532 448 1549 a

236 1567 322 1586 more
344 1558 483 1596 spiritual

253 1602 324 1626 one,
346 1601 461 1627 arlsing

267 1628 346 1655 from
367 1628 446 1654 their

281 1663 440 1696 following

302 1697 406 1725 Christ

269 1733 297 1759 in
321 1737 456 1767 poverty.

244 2045 369 2071 Samuel
394 2044 472 2070 lived

268 2080 376 2113 poorly
397 2080 455 2105 and

226 2114 368 2149 humbly:
386 2114 421 2140 lie
435 2122 496 2141 was

243 2157 257 2174 a
279 2149 412 2183 Iaynmn,
436 2157 469 2175 so

252 2192 290 2209 no
312 2183 473 2217 precedent

234 2218 281 2244 for
301 2219 350 2244 the
372 2219 435 2244 rule
456 2219 489 2245 of

301 2255 421 2287 priests.

509 473 602 521 quia
637 473 788 509 dictum
823 473 895 508 fuit
927 473 1098 509 Jeremie
1143 473 1344 510 sacerdoti
1384 474 1528 511 veteris
1561 473 1676 521 legis:
1722 474 1824 510 Ecce

509 531 689 567 constitui
720 539 754 567 te
785 543 903 579 super
934 539 1069 581 gentes
1102 539 1136 566 et
1159 544 1295 581 regna,
1331 539 1370 567 ut
1403 532 1545 567 evellas
1578 539 1612 567 et
1645 532 1824 568 destruas

509 597 543 625 et
577 589 782 637 disperdas
815 597 849 624 et
873 589 1035 638 dissipes
1057 596 1091 625 et
1114 590 1268 638 edifices
1291 597 1326 625 et
1352 590 1514 637 plantes,
1538 591 1680 626 Jerem.
1707 591 1732 634 Ι,
1764 602 1821 627 Io.

511 648 696 683 Secundo
743 655 851 694 patet
897 648 945 682 de
986 648 1173 683 Samuele
1218 647 1286 695 qui
1330 647 1402 683 fuit
1448 647 1602 695 primus
1646 648 1824 695 prelatus

509 705 788 752 religiosorum
824 705 891 753 qui
936 718 1130 753 umquam
1165 705 1281 741 fuerit
1324 705 1363 741 in
1397 706 1503 741 cultu
1538 705 1685 741 divino.
1740 707 1824 753 Ipse

512 763 615 798 enirn
641 762 773 810 primo
807 763 1064 810 congregavit
1088 776 1152 799 eos
1176 763 1244 811 qui
1279 763 1466 799 dicuntur
1489 763 1529 798 in
1554 763 1676 799 veteri
1705 772 1823 799 testa-

513 830 648 857 mento
682 820 751 856 filii
785 822 1088 868 prophetarum,
1130 821 1196 869 qui
1231 822 1390 856 fuerunt
1423 821 1543 868 primi
1577 821 1753 868 religiosi
1788 831 1824 857 et

512 879 584 914 fuit
614 878 767 926 primus
792 879 970 926 prelatus
994 891 1154 924 eorum3
1189 887 1328 926 postea
1352 891 1444 915 vero
1468 879 1616 923 Helias⁷
1643 878 1824 915 Heliseus

513 945 549 972 et
595 936 662 972 alii
707 938 902 984 prophete
948 937 1181 984 prefuerunt
1228 936 1398 979 eisdem3
1444 938 1512 973 sed
1557 936 1630 973 iste
1664 938 1825 973 Samuel

514 994 718 1030 constituit
753 996 912 1030 Saulem
960 1007 1090 1042 regem
1125 1003 1161 1030 et
1206 1004 1345 1042 postea
1393 995 1604 1031 destinavit
1638 1008 1683 1031 ac
1716 995 1826 1031 unxit

515 1052 639 1088 David
688 1064 837 1101 regem,
883 1062 925 1088 ut
969 1061 1076 1100 patet
1108 1054 1156 1088 IV
1190 1054 1283 1100 Reg.
1317 1054 1349 1088 X
1383 1062 1418 1088 et
1451 1054 1552 1099 XVI,
1601 1062 1637 1089 et
1682 1052 1737 1088 sic
1777 1054 1825 1088 de

516 1110 650 1146 multis
683 1110 771 1146 aliis
805 1110 968 1158 prelatis
1002 1120 1038 1146 et
1072 1111 1347 1147 sacerdotibus
1392 1111 1534 1147 veteris
1581 1111 1823 1156 testamenti,

513 1168 657 1216 quibus
692 1170 797 1204 Deus
833 1169 942 1204 dedit
988 1177 1227 1216 potestatem
1273 1181 1392 1216 super
1437 1169 1639 1217 principes
1668 1166 1672 1219 1
1702 1169 1824 1204 seculi

514 1226 552 1261 in
584 1226 892 1273 temporalibus.

573 1284 645 1319 Hic
680 1293 788 1331 patet
834 1286 940 1332 quod
986 1284 1117 1332 prima
1151 1284 1259 1320 racio
1294 1284 1395 1320 sicut
1429 1292 1465 1319 et
1497 1284 1580 1320 eius
1621 1285 1824 1321 conclusio

512 1344 677 1377 concedi
724 1344 859 1387 debet3
907 1355 998 1378 nam
1041 1351 1203 1390 propter
1252 1342 1512 1378 excellencius
1559 1342 1824 1378 ministerium

511 1400 763 1436 sacerdotum
785 1400 931 1436 Christi
955 1400 994 1435 in
1019 1400 1282 1436 ministrando
1316 1409 1567 1436 sacramenta
1601 1413 1701 1437 nove
1730 1401 1826 1448 legis

513 1465 672 1505 oportet
706 1460 814 1506 quod
848 1460 896 1494 ab
930 1458 1175 1506 imperatore
1220 1470 1378 1505 semper
1424 1467 1593 1505 augusto
1626 1458 1825 1494 tribuatur

514 1516 568 1551 eis
600 1525 777 1563 potestas
824 1516 1009 1563 amplior.
1064 1518 1139 1552 Sed
1174 1524 1461 1552 connectamus
1495 1518 1603 1563 quod
1648 1525 1825 1564 potestas

513 1575 769 1610 sacerdotum
805 1574 952 1610 Christi
998 1583 1053 1610 est
1087 1587 1132 1610 eo
1179 1573 1308 1609 maior
1352 1586 1431 1621 quo
1477 1582 1535 1610 est
1578 1574 1827 1622 spiritualior

515 1631 646 1668 minus
671 1632 830 1679 sapiens
860 1632 1200 1680 temporalitatem
1242 1640 1484 1678 terrestrem,
1519 1641 1556 1668 et
1579 1641 1673 1668 tunc
1696 1645 1825 1669 serva-

516 1690 646 1726 bimus
679 1699 920 1738 potestatem
966 1691 1254 1726 sacerdotalem
1305 1691 1495 1726 mundam
1530 1703 1551 1726 a
1584 1690 1825 1727 stercoribus

515 1757 551 1783 et
576 1748 844 1796 percipiemus
874 1748 1062 1784 radicem.
1098 1749 1212 1784 Unde
1246 1749 1474 1784 sacerdotes
1499 1748 1643 1784 Christi
1679 1748 1881 1785 habent*5

515 1806 709 1842 maiorem
740 1815 979 1854 potestatem
1006 1819 1126 1854 quam
1162 1807 1391 1842 sacerdotes
1414 1806 1555 1842 veteris
1578 1807 1825 1854 testamenti;

514 1865 588 1899 hoc
622 1864 726 1900 enim
763 1864 902 1900 exhinc
937 1864 1065 1900 oritur
1097 1866 1205 1912 quod
1238 1863 1418 1899 striccius
1452 1873 1610 1900 servant
1654 1877 1825 1912 pauper-

513 1930 635 1958 tatem
672 1921 959 1970 evangelicam,
994 1923 1198 1970 sequendo
1233 1921 1397 1969 propius
1432 1922 1634 1958 Christum
1669 1935 1826 1959 summe

516 1993 734 2027 pauperem
770 1988 806 2016 et
839 1992 1022 2028 egenum.

571 2039 685 2075 Unde
717 2039 858 2074 vellem
893 2047 1050 2075 nostros
1085 2038 1339 2074 dominantes
1373 2037 1412 2072 in
1447 2037 1560 2073 cleris
1606 2037 1857 2084 attendere,?

512 2109 633 2143 quam
668 2097 859 2132 humilem
895 2105 931 2131 et
965 2108 1181 2143 pauperem
1216 2095 1336 2131 vitam
1384 2096 1611 2143 elongatam
1648 2109 1668 2132 a
1702 2095 1824 2132 civili-

512 2162 593 2190 tate
624 2154 716 2190 vixit
750 2155 924 2190 Samuel.
961 2156 1060 2189 Nam
1088 2156 1099 2188 I
1125 2156 1217 2201 Reg.
1242 2155 1321 2199 ΧΠ,
1348 2166 1369 2201 3
1406 2163 1617 2201 postquam
1653 2155 1824 2202 populus

514 2211 723 2248 induxerat
757 2212 1038 2259 regnacionem
1074 2211 1228 2248 civilem
1264 2211 1318 2246 sic
1352 2211 1547 2259 loquitur:
1595 2212 1824 2260 Loquimini7

515 2269 655 2317 inquit,
692 2271 736 2305 de
760 2282 818 2305 ine
841 2282 973 2305 coram
992 2271 1159 2305 Domino
1177 2277 1211 2304 et
1234 2281 1365 2304 coram
1389 2270 1544 2305 Christo
1571 2270 1662 2315 eius,
1696 2277 1823 2305 utrum

1842 591 1857 623 5

1846 891 1883 911 10

1876 1169 1951 1211 159³

1843 1468 1883 1488 20

515 2328 646 2363 bovem
681 2328 902 2376 cuiusquam
936 2328 1089 2363 tulerim
1123 2335 1188 2362 aut
1220 2327 1391 2371 asinini&
1419 2328 1461 2362 *si
1503 2340 1730 2376 quemquam
1765 2325 1879 2363 cci-33

517 2386 751 2434 lumpniatus
773 2398 870 2429 siim,
895 2386 928 2421 si
949 2386 1127 2434 oppressi
1147 2386 1325 2433 aliquem.
1350 2386 1451 2420 Ecce
1475 2386 1685 2432 profitetur
1708 2386 1825 2433 plane

516 2445 625 2490 quod
658 2456 730 2479 nec
764 2444 937 2479 exercuit
971 2443 1009 2478 in
1034 2443 1087 2479 eis
1113 2451 1352 2490 potestatem
1390 2443 1556 2479 civiliter
1589 2444 1822 2479 coactivam.

517 2503 630 2537 Unde
662 2502 802 2537 vellem
838 2509 996 2537 nostros
1030 2501 1195 2536 clericos
1228 2502 1405 2536 volentes
1439 2501 1635 2537 dominari
1660 2501 1827 2537 civiliter

517 2559 756 2606 coniungere
791 2559 905 2595 huius
938 2558 1178 2606 professioni
1212 2558 1498 2605 professionem
1533 2559 1671 2606 Moysi.
1707 2561 1824 2594 Num.

516 2618 598 2652 XVI
635 2617 859 2664 (exponitur
891 2618 938 2652 III
972 2616 1087 2652 huius
1121 2618 1274 2651 XXVIII
1312 2616 1501 2663 capitulo)
1539 2625 1575 2652 et
1615 2616 1826 2664 professio-
1841 2637 1885 2667 40

515 2687 607 2710 nem
642 2674 814 2722 apostoli
843 2674 1063 2711 sacerdotis
1090 2673 1236 2710 Christi
1261 2675 1347 2710 Act.
1364 2675 1432 2709 XX
1455 2686 1506 2723 33
1542 2683 1578 2710 et
1612 2674 1827 2711 efficaciter

586 2783 619 2801 11.
641 2774 945 2809 Cod.:prosuei-unt.
1020 2781 1057 2800 12.
1080 2773 1175 2800 Cod.:
1196 2773 1356 2800 continuit.
1417 2772 1459 2800 32.
1475 2773 1567 2801 Cod.:
1590 2773 1666 2800 Nam
1678 2772 1750 2801 Rom
1763 2773 1825 2800 XII.

515 2808 560 2841 34-
583 2809 677 2836 Cod.:
699 2809 741 2836 ad
758 2817 812 2835 me.

588 2870 640 2911 39.
667 2870 716 2900 De
744 2869 843 2900 Civili
871 2869 1036 2900 Dominio
1064 2867 1089 2910 I,
1123 2878 1193 2911 199,
1224 2867 1297 2899 206.
