2050 3292
201 241 282 290 428

195 2097 273 2125 Civil
286 2096 350 2124 rule
369 2095 395 2123 is
416 2100 469 2123 not

224 2140 240 2158 a
261 2139 343 2159 mere
362 2131 438 2165 legal

246 2170 324 2193 term
346 2174 381 2193 or
400 2174 417 2192 a

248 2208 410 2235 necessary

246 2235 416 2263 condition.

913 247 972 278 DE
1000 246 1135 278 C1VIL1
1163 245 1370 278 DOMINIO.
1583 234 1691 287 [CAP.
1712 242 1791 271 xxi.

545 355 731 390 Secunda
763 365 853 402 pars
887 361 996 401 patet
1029 365 1072 389 ex
1105 353 1193 400 hoc,
1226 353 1334 400 quod
1366 353 1558 400 presbiter
1591 351 1735 389 dicitur
1772 365 1792 387 a

482 414 648 460 prebere
691 419 728 447 et
771 411 857 457 iter,
903 423 993 447 cum
1039 422 1132 458 ergo
1171 418 1331 458 oportet
1363 422 1523 447 omnem
1557 410 1791 446 salvandum

478 470 651 516 ‘prebere
695 467 769 505 iter
813 467 900 504 aliis
944 468 1005 504 vel
1048 468 1188 504 saltem
1234 467 1317 513 sibi,
1363 476 1406 503 ut
1450 467 1609 504 incedat
1647 466 1687 503 in
1721 466 1793 503 viis

487 526 660 572 Domini,
693 535 801 574 patet
833 525 938 562 iuxta
971 525 1117 562 dictam
1133 524 1476 572 grammaticalem
1502 525 1609 573 quod
1637 533 1794 573 oportet

486 596 646 620 omnem
670 585 905 620 salvandum
931 595 1013 620 esse
1037 585 1310 631 presbiterum,
1336 591 1372 619 et
1395 583 1614 619 secularem
1636 573 1826 630 oportet5

487 654 647 678 ornnem
679 654 763 678 rem
798 653 882 678 esse
905 641 999 689 quia
1022 643 1070 677 de
1098 641 1173 677 hoc
1195 641 1329 677 seculo
1352 641 1412 677 vel
1434 640 1580 687 futuro,
1615 640 1795 688 sequitur

487 699 611 735 eciam
646 700 753 747 quod
785 711 904 735 nemo
938 698 1013 735 nisi
1045 698 1235 735 secularis
1268 698 1468 742 dominus,
1501 707 1544 734 ut
1575 706 1672 746 puta
1703 694 1791 750 rexi

486 757 547 793 vel
578 757 799 804 imperator
837 756 877 792 in
916 757 991 793 hoc
1031 758 1138 805 quod
1170 755 1427 805 prosequitur
1465 755 1659 792 secularia
1693 755 1795 791 desi·
1845 768 1903 799 172

486 814 593 851 deria
619 824 675 851 est
697 815 929 859 salvandus;
955 822 1114 862 oportet
1138 813 1243 850 enirn
1267 826 1427 850 omnem
1452 814 1573 850 talem
1594 812 1793 849 dominari

485 872 680 920 appetitui
713 872 901 909 sensitivo
935 881 971 908 et
1003 885 1074 920 per
1107 884 1357 920 consequens
1403 883 1537 919 regere
1572 871 1672 907 vires
1700 883 1793 907 suas
1814 884 1852 904 10

485 930 721 978 imperando
754 930 847 978 ipsis
880 939 922 966 ut
966 930 1138 966 serviant
1181 929 1347 968 racioni.
1401 932 1448 965 Et
1499 942 1589 965 cum
1635 937 1794 976 oportet

485 1001 644 1025 omnem
679 989 915 1025 salvandum
949 989 1095 1024 habere
1134 1000 1244 1035 spem
1279 996 1316 1024 et
1350 1000 1418 1035 per
1451 999 1698 1034 consequens
1731 988 1794 1022 de-

485 1046 676 1082 siderium
709 1048 908 1082 bonorum
941 1046 1064 1082 futuri
1093 1045 1228 1089 seculi,
1263 1054 1371 1093 patet
1401 1047 1621 1081 secundum
1646 1044 1791 1080 dictam

485 1104 785 1151 gramaticalem
831 1103 1046 1141 stulticiam
1093 1104 1201 1152 quod
1245 1115 1365 1140 nemo
1410 1103 1486 1139 nisi
1531 1111 1795 1150 prosequatur

484 1162 679 1199 secularia
711 1162 908 1199 desideria
940 1170 998 1198 est
1030 1162 1260 1206 salvandus3
1300 1161 1416 1198 istan]
1457 1169 1590 1197 autem
1629 1159 1794 1197 nescivit
1815 1174 1850 1196 ιο

486 1220 782 1257 conclusionem
807 1221 1037 1269 Apostolus,
1072 1232 1160 1256 cum
1184 1218 1291 1255 Thit.
1318 1221 1363 1262 ΙΙ,
1393 1231 1438 1256 12
1464 1220 1580 1255 docet
1601 1218 1793 1254 secularia

485 1279 676 1315 desideria
699 1279 908 1329 abnegare,
932 1280 958 1314 Ι.
977 1279 1067 1316 Cor.
1086 1279 1149 1324 VI,
1173 1290 1198 1324 4
1221 1277 1413 1313 secularia
1436 1277 1576 1312 iudicia
1600 1288 1793 1325 respuere,

483 1337 636 1372 nullum
671 1336 837 1373 militem
873 1336 1019 1372 Christi
1052 1348 1092 1372 se
1124 1335 1164 1371 in
1197 1334 1444 1371 secularibus
1477 1333 1698 1382 implicare.
1747 1336 1795 1369 Et

484 1395 535 1430 ad
566 1394 685 1431 istum
719 1407 878 1431 sensum
924 1393 1128 1430 inhibetur
1171 1393 1211 1429 in
1254 1393 1331 1429 fine
1376 1392 1489 1429 tercii
1533 1391 1793 1429 decretalium

483 1453 667 1488 omnibus
691 1452 845 1489 clericis
867 1452 1044 1500 negociis
1067 1451 1310 1488 secularibus
1334 1450 1561 1496 intendere3
1586 1449 1794 1487 monachis
1811 1462 1853 1483 20

484 1509 687 1547 inhibetur
724 1512 795 1547 sub
834 1522 937 1558 pena
976 1509 1202 1546 amissionis
1239 1508 1522 1557 temporalium
1562 1507 1795 1544 seculariter

482 1568 631 1615 vivere;
656 1577 694 1605 et
716 1577 852 1605 tamen
874 1568 946 1604 iste
971 1569 1111 1605 doctor
1126 1575 1361 1616 procreator
1378 1566 1670 1603 monachorum
1700 1564 1795 1601 dicit

484 1627 590 1674 quod
634 1635 794 1674 oportet
838 1638 976 1662 omnes
1009 1626 1138 1662 vivere
1176 1624 1422 1661 seculariter.
1475 1626 1560 1660 Hoc
1599 1623 1702 1660 enirn
1737 1631 1795 1660 est

483 1684 777 1721 consonancius
821 1684 1028 1721 monachis
1071 1682 1294 1720 viventibus
1339 1682 1379 1718 in
1425 1683 1581 1719 deserto
1618 1682 1678 1718 vel
1723 1682 1793 1717 sub

482 1742 586 1788 divo,
620 1755 740 1790 quam
763 1741 895 1779 vivere
919 1741 1103 1790 civiliter3
1138 1740 1234 1790 quid
1258 1753 1353 1789 ergo
1375 1741 1479 1777 valet
1509 1739 1652 1787 dicere,
1686 1739 1794 1787 quod
1811 1738 1850 1773 25

482 1800 612 1836 omnis
645 1801 819 1836 latomus
842 1799 991 1836 faciens
1015 1808 1178 1848 pontem
1203 1799 1253 1835 sit
1275 1798 1464 1848 pontifex,
1498 1797 1628 1834 omnis
1651 1796 1792 1833 histrio

481 1859 541 1894 vel
574 1860 695 1894 homo
729 1857 921 1894 mirabilis
960 1857 1009 1894 sit
1042 1870 1160 1908 papa,
1197 1856 1329 1893 omnis
1367 1855 1608 1893 christianus
1640 1855 1793 1891 salvans

483 1928 523 1952 se
556 1916 685 1964 ipsum
719 1915 769 1953 sit
801 1916 988 1952 dominus
1019 1917 1130 1952 Jesus
1163 1915 1358 1961 Christus,
1392 1913 1523 1951 omnis
1555 1924 1699 1950 natura
1731 1925 1793 1948 ra-

484 1973 650 2010 cionalis
682 1974 819 2010 videns
858 1973 906 2010 sit
931 1976 1049 2020 Deus,
1084 1982 1121 2009 et
1153 1973 1208 2010 sic
1235 1969 1242 2024 Ι
1271 1974 1318 2009 de
1343 1972 1478 2008 multis
1511 1984 1587 2020 que
1626 1971 1791 2007 stultum
1836 1975 1915 2016 173⁸

483 2033 584 2068 foret
617 2031 829 2069 discutere.
1809 2032 1850 2063 30

541 2089 789 2126 Dimittendo
834 2089 955 2137 igitur
998 2089 1085 2126 illas
1118 2088 1297 2125 verbales
1341 2087 1559 2124 instancias
1603 2087 1792 2122 fundatur

483 2148 601 2184 simul
634 2149 775 2184 modus
791 2147 983 2195 loquendi
1017 2148 1064 2183 de
1099 2146 1299 2183 dominari
1323 2146 1503 2192 civiliter,
1533 2153 1576 2181 ut
1598 2145 1792 2193 probatur

484 2218 594 2242 error
631 2205 856 2242 dicenciurn
889 2206 996 2254 quod
1035 2213 1092 2241 est
1124 2204 1317 2241 terminus
1354 2203 1453 2240 iuris
1485 2203 1588 2240 sicut
1620 2201 1792 2239 aliorum

484 2263 723 2310 dicencium,
757 2263 789 2299 si
811 2262 963 2312 aliquid
993 2271 1062 2307 est,
1096 2271 1192 2299 tunc
1224 2262 1355 2310 ipsum
1390 2270 1448 2298 est
1480 2260 1659 2306 civiliter,
1692 2259 1795 2296 sicut

483 2322 514 2357 si
547 2321 700 2370 aliquid
733 2330 802 2368 est,
835 2330 930 2357 tunc
962 2320 1094 2369 ipsum
1129 2329 1186 2357 est
1218 2320 1411 2369 legaliter.
1810 2319 1849 2353 35

539 2381 616 2416 Pro
632 2378 743 2416 cuius
767 2378 1043 2415 declaracione
1066 2390 1226 2415 necesse
1247 2387 1304 2415 est
1325 2386 1466 2414 notare
1490 2374 1792 2413 distinccionem
1832 2378 1860 2408 D

482 2437 579 2474 iuris
611 2437 784 2486 positam
817 2436 857 2473 in
880 2436 1079 2485 principio
1104 2437 1374 2482 decretorum,
1408 2436 1518 2484 quod
1549 2434 1690 2470 iurium
1724 2432 1794 2468 ali-

549 2580 580 2606 4.
605 2572 735 2604 dz'ctam‚·
762 2571 858 2599 adde:
888 2571 1054 2599 stulticiam
1079 2571 1110 2606 (l.
1133 2571 1187 2606 14).
1260 2570 1289 2597 6.
1319 2578 1399 2603 rem3
1429 2569 1461 2596 it.
1489 2568 1557 2596 cod.
1631 2566 1668 2595 15.
1698 2566 1793 2595 Cod.:

481 2607 629 2634 nesciunt.
701 2608 748 2634 26.
770 2607 854 2634 Cod:
877 2606 1017 2634 latamus.

552 2677 605 2698 20.
631 2667 771 2698 Rectius
797 2667 931 2698 Decreti
958 2676 1026 2698 sec.
1053 2675 1143 2707 pars,
1171 2674 1274 2696 causa
1299 2663 1448 2705 XXXIII,
1476 2673 1532 2705 qu.
1558 2661 1611 2701 III,
1639 2662 1714 2695 dist.
1733 2661 1793 2693 VII

480 2713 690 2755 Negotium;
715 2713 775 2744 sed
801 2719 835 2744 et
857 2713 977 2744 videas
1003 2713 1084 2744 Dec.
1099 2711 1154 2755 ΙΙΙ,
1181 2717 1267 2753 part.
1294 2711 1345 2742 De
1362 2710 1525 2741 Consecr.
1554 2709 1631 2740 dist.
1650 2709 1691 2752 V,
1719 2718 1793 2749 cap.

480 2759 629 2791 XXXIII.
709 2760 762 2799 37.
788 2759 921 2790 Decreti
949 2759 1062 2789 Prima
1089 2768 1176 2799 pars,
1212 2758 1289 2788 dist.
1320 2757 1344 2799 I,
1380 2767 1452 2797 cap.
1477 2755 1532 2787 VI.
1565 2754 1777 2793 Archidiaco

482 2816 558 2850 nus,
594 2806 615 2836 i.
642 2815 670 2837 e.
699 2805 814 2837 Guido
842 2805 1038 2849 deBaisio,
1071 2804 1255 2835 Rosariurn
1277 2802 1348 2845 (ed.
1373 2803 1494 2834 Venet.
1524 2801 1622 2843 1577)
1651 2800 1787 2832 Comm.

482 2853 523 2883 ad
552 2852 676 2884 decret.
710 2852 764 2883 Ius
789 2856 907 2883 autem
935 2852 1111 2882 naturale.
