2050 3292
251 202 342 232 CAP.
365 194 494 249 xxm]
720 203 854 237 LissER
879 203 1088 237 TERTIUS.

252 323 377 351 status
410 313 639 362 puritatem,
674 313 821 349 clamat
853 312 979 348 cultus
1014 310 1251 358 castitatem,
1294 311 1440 348 clamat
1473 323 1561 358 pro-

252 372 371 409 fessio
417 371 664 419 religionem,
712 371 859 406 clamat
889 369 1067 406 officium
1101 368 1377 416 devocionem,
1419 368 1564 405 clamat

253 429 427 466 studium
474 427 884 477 contemplacionem3
931 436 967 463 et
1007 426 1096 463 ideo
1129 426 1204 463 nisi
1236 426 1447 463 virtutibus
1480 426 1564 474 pol-

254 488 407 524 leamus
451 495 535 523 tota
578 486 658 523 vita
703 494 839 522 nostra
873 484 1130 521 mendacium
1165 492 1222 522 est
1255 493 1291 521 et
1322 496 1466 532 ymago
1500 483 1564 520 de-

221 544 405 592 5formis,
451 544 545 593 quia
579 543 655 580 nisi
687 543 899 580 virtutibus
933 543 1169 590 polleamus,
1206 542 1398 579 mentitur
1431 549 1563 589 caput,

256 603 444 639 mentitur
496 602 667 647 habitus,
729 601 920 637 mentitur
972 608 1109 647 status,
1172 599 1364 637 mentitur
1423 600 1565 643 cultus,

256 660 445 697 mentitur
477 659 682 708 professio,
718 659 908 696 mentitur
940 658 1118 695 officium
1155 667 1191 694 et
1222 657 1413 695 mentitur
1435 657 1565 706 ipsum

254 718 444 765 studium,
488 730 534 755 ac
578 730 647 766 per
692 719 766 754 hoc
798 730 879 753 non
910 729 1046 752 sumus
1077 715 1152 752 nisi
1185 716 1351 753 clericus
1383 715 1499 752 fictus
1533 723 1569 751 et

256 776 422 814 clericus
456 775 665 822 mentitus;
711 784 747 811 et
792 775 884 811 licet
916 774 1104 810 scribitur
1135 775 1244 822 quod
1282 773 1412 810 omnis
1447 775 1568 809 homo

137 837 218 871 ‘201¹'
257 836 437 881 mendax,
472 847 552 871 non
585 842 718 870 tamen
748 830 752 885 Ι
781 832 967 869 scribitur
1000 833 1105 881 quod
1138 831 1270 868 omnis
1302 832 1424 868 homo
1459 843 1567 867 men-

257 892 431 931 dacium.
465 893 671 929 Seculares
695 903 871 940 namque
894 889 1076 927 homines
1101 891 1313 926 mendaces
1346 898 1450 935 sunt,
1476 888 1568 937 quia

259 950 511 987 mendacium
545 950 692 995 dicunt,
727 951 794 986 sed
830 947 1084 986 mendacium
1118 960 1199 984 non
1232 956 1334 991 sunt,
1370 947 1464 995 quia
1489 959 1569 982 non

257 1009 424 1045 vivendo
470 1008 707 1046 difformiter
751 1020 822 1044 suo
867 1006 1005 1043 habitu
1051 1005 1348 1042 contradicunt.
1401 1005 1441 1041 Si
1476 1017 1569 1052 ergo

259 1068 364 1103 Deus
397 1067 537 1114 perdet
569 1078 708 1103 omnes
742 1065 809 1114 qui
841 1065 1029 1101 locuntur
1062 1063 1331 1107 mendacium,
1365 1062 1569 1110 quomodo

207 1129 375 1172 15putas
419 1125 557 1173 perdet
600 1137 667 1161 eos
713 1123 780 1171 qui
824 1131 916 1159 sunt
959 1122 1089 1170 ipsum
1124 1121 1404 1157 mendacium?
1457 1121 1570 1157 Unde

258 1183 470 1219 Anselmus
508 1182 549 1218 in
589 1185 646 1218 De
682 1179 1022 1217 Similitudinibus
1062 1180 1238 1228 capitulo
1272 1180 1408 1216 CLVI:
1448 1179 1569 1214 Unus-

259 1241 416 1290 quisque
446 1241 506 1277 sui
537 1240 683 1276 ordinis
714 1247 830 1290 gerat
863 1238 1047 1287 officium,
1094 1250 1139 1274 ne
1182 1245 1301 1273 totum
1345 1237 1448 1286 quod
1480 1236 1571 1271 vivit

261 1300 466 1347 deputetur
487 1298 754 1342 mendacium;
785 1297 816 1334 si
841 1297 944 1334 enim
969 1297 1077 1344 quod
1106 1295 1259 1332 ordinis
1292 1294 1351 1331 sui
1385 1303 1454 1340 est,
1489 1306 1570 1329 non

261 1356 398 1404 egerit,
443 1356 573 1393 omnis
618 1355 701 1393 eius
734 1355 904 1392 exterior
937 1354 1096 1391 habitus
1130 1352 1334 1399 mentitur,
1379 1352 1446 1401 qui
1480 1364 1569 1388 eum

207 1428 247 1448 20
261 1414 412 1451 ordinis
445 1427 528 1451 esse
560 1414 666 1451 illius
698 1422 877 1452 testatur.
908 1414 1031 1449 Actus
1064 1424 1225 1460 quoque
1257 1411 1362 1447 illius
1391 1419 1428 1447 et
1452 1411 1569 1447 verba

262 1472 428 1520 ipsaque
452 1472 648 1521 cogitacio
673 1471 941 1520 menciuntur,
977 1469 1070 1519 quia
1095 1469 1350 1506 mendacium
1375 1475 1573 1505 testantur

262 1543 334 1579 pro
366 1543 478 1580 vero3
510 1543 599 1567 cum
634 1529 740 1567 enim
775 1528 974 1578 quispiam
1007 1527 1101 1576 agit,
1136 1527 1232 1564 dicit
1253 1528 1313 1564 vel
1347 1526 1494 1574 cogitat
1517 1525 1572 1561 sic

263 1601 346 1625 esse
378 1589 622 1636 faciendum,
656 1590 749 1624 dum
784 1597 826 1624 ut
859 1588 914 1624 sic
948 1586 1089 1623 ceteris
1123 1585 1364 1628 manifestat,
1404 1584 1435 1621 si
1470 1583 1572 1620 male

259 1646 366 1693 vivit,
413 1647 509 1684 dicit
554 1646 822 1683 mendacium.
878 1647 978 1682 Cum
1025 1656 1119 1692 ergo
1156 1644 1376 1680 secundun]
1410 1650 1571 1678 sanctos

205 1709 243 1742 25
261 1704 402 1753 capitis
435 1705 593 1742 abrasio
626 1704 665 1741 in
699 1703 851 1741 clericis
883 1702 1013 1751 signat
1044 1702 1085 1738 in
1118 1701 1172 1739 eis
1205 1701 1471 1750 precisionem
1504 1701 1572 1735 bo-

261 1775 406 1798 norum
430 1763 600 1809 fortune,
636 1776 726 1799 cum
750 1764 856 1799 bona
880 1761 947 1798 illa
970 1761 1047 1797 sint
1071 1759 1251 1803 minima,
1276 1768 1313 1796 et
1336 1760 1385 1795 ab
1408 1757 1571 1795 homine

263 1821 433 1857 maxime
475 1821 618 1868 aliena,
663 1820 764 1858 sicut
808 1819 878 1868 pili
922 1828 1013 1855 sunt
1056 1827 1187 1866 partes
1232 1816 1409 1853 hominis
1443 1815 1569 1863 magis

261 1879 461 1927 superflue
493 1888 531 1916 et
562 1888 732 1926 remote3
766 1877 858 1914 inde
892 1876 1066 1925 religiosi
1095 1877 1243 1913 habent
1277 1876 1377 1912 latas
1402 1886 1572 1911 coronas

261 1945 298 1973 et
330 1938 537 1983 rotundas,
583 1937 860 1984 circulumque
905 1947 1092 1972 sensuum
1139 1932 1389 1971 strictissime
1435 1933 1570 1968 decer-

206 1999 388 2031 3otatum
423 1997 473 2032 ad
506 1996 781 2032 denotandum
806 1995 913 2043 quod
947 1992 1235 2030 renunciarunt
1267 1990 1571 2039 temporalibus,

263 2065 312 2089 ne
345 2052 454 2090 racio
478 2053 659 2101 aspirans
683 2054 732 2090 ad
757 2051 917 2089 celestia
940 2059 1211 2099 pregravetur,
1244 2051 1312 2086 sed
1335 2044 1570 2100 influenciel

144 2118 224 2146 201c
263 2111 417 2147 celestis
449 2111 551 2148 radii
591 2120 756 2159 propter
788 2109 1012 2146 nuditatem
1053 2107 1283 2145 affeccionis
1315 2120 1337 2144 a
1370 2116 1573 2153 tempora-

263 2168 367 2206 libus
410 2169 535 2206 instar
581 2169 715 2206 circuli
763 2169 894 2204 forent
941 2165 1207 2215 capacissimi,
1255 2164 1574 2211 abdicaruntque

264 2240 336 2275 pro
370 2229 497 2264 cauda
530 2228 730 2276 superflua
762 2226 895 2263 omnia
930 2224 1171 2273 temporalia
1193 2231 1327 2272 preter
1348 2221 1574 2258 necessaria

207 2289 246 2323 35
264 2287 313 2322 ad
357 2286 694 2322 sustentacionem
740 2297 942 2328 sensuum,
988 2284 1036 2320 de
1069 2290 1219 2331 quanto
1252 2288 1492 2329 promovent
1525 2280 1575 2315 ad

264 2345 347 2380 Deo
409 2343 540 2380 debite
602 2343 855 2380 serviendum
906 2341 1013 2377 iuxta
1070 2340 1248 2388 regulam
1312 2337 1573 2387 apostolicam

264 2403 291 2437 I.
313 2400 529 2451 Thim.V1,
554 2402 596 2439 8:
630 2401 826 2437 Habentes
857 2400 1036 2436 alimenta
1070 2406 1105 2435 et
1136 2398 1269 2447 quibus
1292 2405 1474 2447 tegamur
1506 2394 1577 2430 hiis

264 2460 431 2496 contenti
471 2460 612 2504 simus,·
655 2468 693 2496 et
735 2459 791 2495 sic
836 2459 1052 2494 claustrum
1101 2469 1193 2504 erga
1232 2463 1406 2503 quatuor
1439 2453 1576 2501 plagas

265 2517 387 2554 seculi
420 2518 646 2566 preclusum
681 2516 811 2565 signat
844 2514 967 2552 seculi
990 2513 1419 2551 abrenuncciacionem
1446 2519 1578 2559 preter

206 2590 251 2621 40
266 2574 488 2623 ingressum
522 2584 560 2613 et
593 2576 786 2612 mundum
822 2586 1022 2622 egressum
1058 2571 1337 2609 medicinalem
1369 2571 1418 2607 ad
1443 2568 1574 2605 cibum

342 2770 391 2804 16.
418 2772 496 2803 Non
523 2778 573 2803 est
598 2781 671 2812 cap.
699 2770 816 2803 CLVI.
845 2768 896 2802 Cf.
922 2768 943 2801 l.
970 2778 998 2800 c,
1025 2777 1101 2808 pag.
1128 2765 1206 2809 689.
1232 2763 1309 2804 (Ed.
1342 2765 1457 2806 Migne
1491 2769 1577 2794 torn.

270 2817 402 2860 CLIX).
430 2818 481 2850 Cf.
508 2829 582 2860 cap.
612 2817 805 2848 LXXXVII.

1769 207 1850 245 495

1629 318 1688 345 and
1709 318 1735 345 if
1753 318 1803 346 the

1597 356 1701 388 clei-gy
1722 354 1761 380 do
1782 358 1835 381 not

1585 392 1633 415 act
1654 396 1694 422 up
1715 393 1745 415 to
1765 388 1849 415 them

1608 423 1695 450 these
1715 423 1819 457 things

1580 465 1630 485 are
1652 457 1705 484 lies
1726 457 1786 484 and
1807 457 1858 484 the

1667 492 1770 528 clergy

1579 527 1764 554 themselves
1788 527 1856 554 lies.

1604 1650 1671 1677 The
1692 1648 1838 1683 meaning

1597 1685 1631 1712 of
1646 1685 1696 1712 the
1716 1688 1854 1711 tonsure.

1597 2341 1801 2376 Significance
1822 2341 1857 2368 of

1622 2377 1671 2403 the
1693 2376 1826 2403 cloister.
