2050 3292
215 215 304 243 CAP.
333 206 420 261 XX]
685 218 819 250 LIBER
844 219 1054 251 TERTIUS.

90 324 100 354 Ι
271 326 350 360 Pro
395 323 655 360 fundamento
699 324 799 360 illius
836 325 1057 360 notandum
1095 327 1312 361 secundum
1359 334 1519 363 sanctos

1722 224 1800 262 417

1575 323 1675 359 Every
1694 331 1765 350 man

1586 362 1668 386 must
1690 358 1724 384 be
1744 366 1759 384 a

215 382 323 430 quod
356 389 515 429 oportet
546 394 706 417 omnem
740 382 940 418 hominem
975 382 1131 430 lapsum
1161 384 1315 420 divitem
1353 393 1389 420 et
1422 396 1517 431 pau·
1535 393 1648 428 beggar
1674 396 1703 419 to
1725 392 1804 420 God.

214 451 349 487 perem
394 450 477 475 esse
511 438 581 474 Dei
628 439 866 485 mendicum,
913 452 1002 475 cum
1049 441 1139 476 dicit
1172 441 1368 477 defectum
1403 454 1518 477 suum

214 499 298 533 Deo
330 498 368 532 in
400 497 510 532 bonis
539 495 697 543 optimis
720 497 852 533 dicens
874 495 971 532 illud
994 497 1143 533 Psalmi
1165 499 1227 544 Vl,
1252 510 1295 547 3:
1330 499 1521 535 Miserere

182 553 479 598 5meiD0mine‚
504 554 680 602 quoniam
711 554 887 603 infirmus
917 566 1014 590 sum.
1048 556 1139 591 Ideo
1173 567 1217 591 ex
1249 556 1520 603 descripcione

214 610 523 648 mendicacionis
555 611 686 659 posita
714 611 754 647 in
776 613 905 659 primo
929 611 1103 660 capitulo
1126 613 1240 649 huius
1262 609 1319 648 Vn
1342 613 1520 662 sequitur

213 681 373 705 omnem
417 668 645 705 huiusmodi
689 681 771 705 esse
805 670 1051 717 mendicum3
1096 671 1204 718 quod
1243 680 1356 707 notat
1387 673 1519 719 Augu-

212 726 337 763 stinus
369 728 408 762 in
441 728 498 763 De
528 725 668 763 Verbis
701 726 862 762 Domini
879 728 1070 764 Sermone
1102 729 1190 764 XV:
1231 728 1342 774 Petit,
1375 729 1518 777 inquit,

211 797 233 820 a
256 791 291 820 te
313 783 521 829 mendicus,
553 791 588 819 et
609 791 648 819 tu
671 796 710 820 es
732 784 809 819 Dei
829 785 1045 830 mendicus;
1077 797 1207 822 omnes
1238 786 1335 821 enim
1369 788 1518 835 quando

160 856 197 876 10
212 854 371 878 oramus
394 841 472 877 Dei
502 841 666 878 mendici
693 853 839 879 sumus.
884 844 932 878 Et
963 842 1161 891 sequitur:
1201 843 1305 887 Quid
1335 857 1357 879 a
1390 852 1425 880 te
1455 857 1518 880 ac-

211 899 300 948 cipit
323 899 549 935 mendicus?
573 911 712 948 panem
723 912 737 944 ,·
757 907 792 935 et
814 900 904 947 quid
926 907 964 935 tu
980 901 1080 949 petis
1101 901 1148 936 ab
1171 913 1213 937 eo
1235 901 1308 936 nisi
1321 901 1518 938 Christum

209 957 276 1005 qui
317 956 427 993 dicit.-
476 957 567 1007 Ego
609 969 692 993 sum
735 957 846 1005 panis
896 958 1035 993 vivus?
1093 960 1141 994 Et
1185 970 1370 995 sermone
1415 961 1518 996 XLI:

213 1014 402 1058 Quamvis
433 1014 574 1050 habeas
605 1015 814 1063 quicunque
846 1015 953 1051 diues
984 1028 1035 1061 es,
1067 1016 1143 1051 Dei
1162 1016 1359 1052 mendicus
1386 1029 1437 1052 es.
1472 1019 1519 1053 Et

210 1072 287 1108 hoc
309 1072 470 1119 probat:
506 1072 605 1107 Cum
630 1073 757 1108 omnis
782 1073 886 1108 dives
920 1072 1150 1109 huiusmodi
1183 1074 1230 1109 sit
1261 1076 1519 1110 necessitatus

158 1134 344 1177 15petere
376 1142 518 1177 panem
553 1131 840 1177 quotidianum.
890 1131 937 1166 Et
968 1132 1082 1166 istam
1124 1130 1420 1168 mendicitatem
1452 1144 1519 1168 ne-

210 1186 381 1223 cessitati
400 1199 537 1223 sumus
559 1199 859 1235 recognoscere,
892 1189 922 1223 si
944 1189 1127 1224 volumus
1151 1201 1172 1225 a
1196 1191 1278 1225 Deo
1302 1191 1514 1237 quicquam

210 1246 430 1292 adquirere,
471 1246 624 1282 dicente
656 1244 879 1292 Augustino
911 1257 1095 1282 sermone
1116 1247 1189 1282 VO:
1235 1246 1365 1297 Igitur
1395 1247 1429 1283 si
1463 1247 1519 1283 vis

211 1303 351 1338 habere
394 1303 594 1347 iusticiam,
640 1310 719 1339 esto
763 1303 958 1339 mendicus
998 1304 1084 1342 Dei.
1136 1305 1251 1341 Unde
1283 1305 1518 1341 inculcando

212 1359 454 1396 sentenciam
501 1373 620 1408 quam
668 1359 741 1395 dixi
773 1360 843 1395 XV
881 1362 1054 1408 capitulo
1087 1362 1203 1398 huius
1234 1357 1289 1397 Vti
1333 1363 1380 1398 de
1418 1375 1519 1399 mer-

91 1420 164 1453 168³
213 1417 376 1453 cacione
419 1419 472 1454 sic
520 1418 713 1466 loquitur:
764 1417 972 1454 Consilium
1018 1420 1065 1455 do
1113 1420 1150 1455 lu
1195 1432 1376 1465 crorum;
1418 1420 1521 1456 disce

215 1476 395 1511 mercari.
449 1476 605 1511 Laudas
664 1483 918 1511 mercatorem
971 1478 1035 1525 qui
1077 1469 1208 1513 vendit
1243 1478 1442 1526 plumbum
1487 1485 1521 1513 et

210 1532 375 1581 acquirit
406 1545 543 1568 aurum
577 1541 612 1569 et
644 1546 717 1569 non
747 1533 884 1569 laudas
916 1546 999 1570 eum
1045 1535 1109 1583 qui
1148 1543 1288 1585 erogat
1315 1535 1517 1585 pecuniam

211 1598 246 1626 et
276 1591 441 1639 acquirit
472 1591 670 1626 iusticiam.
707 1592 898 1627 Sermone
930 1604 1023 1628 vero
1056 1593 1138 1628 XLI
1174 1602 1304 1629 movet
1336 1593 1385 1629 ad
1418 1605 1518 1629 mer-

212 1648 416 1684 cacionem
463 1648 578 1684 istam
625 1660 854 1696 supponens
897 1649 994 1685 illud
1028 1651 1054 1687 Ι.
1083 1650 1215 1686 Thim.
1244 1652 1307 1699 VI,
1343 1662 1362 1700 7
1411 1652 1518 1698 quod

155 1710 193 1741 25
211 1706 327 1741 nichil
349 1707 394 1741 de
417 1706 558 1742 nostris
581 1706 777 1742 intulimus
799 1706 835 1741 in
859 1707 957 1743 hunc
980 1709 1176 1751 mundum,
1209 1721 1297 1744 cum
1323 1708 1518 1745 Dominus

211 1762 342 1810 primo
376 1763 524 1800 creavit
558 1765 750 1800 mundum
785 1772 823 1800 et
856 1765 1028 1801 creando
1061 1765 1266 1801 constituit
1299 1779 1371 1802 nos
1400 1779 1518 1814 super

212 1822 359 1857 bonum
394 1834 523 1866 suum,
563 1830 606 1857 ut
638 1822 697 1857 vel
736 1821 791 1858 sic
826 1822 1026 1858 discamus
1060 1823 1228 1860 mercari
1267 1836 1356 1859 cum
1391 1836 1437 1860 eo
1470 1825 1517 1860 de

210 1878 290 1914 suis
334 1879 507 1926 propriis
553 1888 589 1915 et
633 1892 705 1927 pro
744 1879 820 1916 hiis
853 1880 1139 1928 temporalibus
1178 1893 1254 1929 que
1291 1881 1517 1918 necessitati

208 1948 346 1972 sumus
399 1936 580 1973 amittere
632 1949 812 1973 emamus
857 1947 1004 1981 eterna,
1058 1951 1135 1986 que
1179 1951 1260 1975 non
1304 1952 1516 1987 possumus

152 1993 404 2032 3oarnittere.
458 1995 570 2031 Unde
608 1994 683 2030 ista
716 2004 807 2031 sunt
838 1997 957 2031 verba
990 1996 1221 2044 Augustini:
1262 1997 1355 2032 Cum
1394 1997 1518 2047 igitur

207 2052 331 2090 nudus
362 2059 473 2088 natus
505 2064 555 2095 es,
589 2052 709 2088 multa
742 2053 802 2088 lu'c
830 2053 1014 2091 imaeenisti.
1046 2054 1244 2103 Numquid
1265 2067 1348 2090 cum
1371 2055 1518 2103 aliquia'

206 2109 398 2145 attulisti?
429 2110 490 2146 De
512 2122 593 2146 meo
616 2122 746 2158 quero,
781 2111 829 2146 a'a
862 2118 896 2146 et
928 2112 1068 2147 redde:
1099 2112 1282 2148 Habuisti
1303 2124 1362 2148 me
1394 2113 1516 2163 largi-

207 2175 343 2213 torem,
367 2167 495 2215 facito
528 2168 750 2204 debitorem.

266 2226 313 2260 Et
346 2236 388 2260 ex
422 2225 505 2260 istis
537 2233 648 2273 patet
687 2225 896 2262 distinccio
937 2227 984 2262 de
1017 2227 1321 2263 mendicacione
1354 2227 1514 2277 triplici,

152 2287 191 2320 35
208 2295 327 2330 quam
367 2282 481 2330 posui
521 2282 560 2318 in
600 2282 732 2330 primo
766 2283 941 2331 capitulo
975 2284 1089 2320 huius
1120 2280 1196 2330 Vti3
1242 2284 1375 2333 aliqua
1408 2285 1512 2321 enim

208 2348 265 2375 est
299 2339 548 2376 mendicacio
587 2341 703 2376 realis
737 2350 773 2377 et
805 2340 939 2388 aliqua
971 2341 1130 2381 vocalis.
1172 2342 1313 2389 Realis,
1354 2344 1514 2391 quando

182 2406 392 2434 *creatura
415 2397 628 2434 racionalis
653 2398 747 2434 dicit
774 2411 885 2434 suam
921 2399 1124 2446 egenciam
1160 2401 1207 2436 ad
1243 2400 1361 2436 finem
1407 2401 1514 2448 quod

209 2455 423 2501 relevetur3
458 2464 494 2491 et
518 2455 574 2492 sic
598 2456 778 2492 Christus
799 2456 962 2493 indubie
996 2457 1225 2505 frequenter
1258 2457 1512 2504 mendicavit,

276 2620 306 2645 4.
328 2610 424 2640 Cod.:
444 2611 554 2639 Psalm.
577 2612 603 2639 V.
703 2613 731 2639 6.
753 2613 848 2640 Cod.:
871 2614 1023 2649 :rcripcion
1044 2614 1274 2642 medicacionis.
1358 2623 1397 2650 17.
1420 2615 1514 2642 Cod.:

207 2647 304 2674 Serm.
326 2645 376 2673 IV.
448 2645 490 2674 32.
513 2647 607 2674 Cod.:
630 2647 737 2674 reddo.

275 2728 308 2760 8.
334 2729 381 2760 St.
394 2729 584 2770 Augustini
601 2729 692 2771 Opp.
707 2736 792 2760 tom.
810 2730 851 2770 V,
866 2740 943 2772 pag.
957 2729 1035 2771 448.
1160 2741 1209 2764 12.
1226 2731 1304 2763 Joh.
1321 2731 1375 2769 VI,
1389 2742 1445 2772 41,
1462 2733 1514 2765 51.

213 2776 262 2807 13.
288 2775 335 2806 St.
354 2775 536 2815 Augustini
557 2775 649 2817 Opp.
668 2782 753 2808 tom.
772 2777 812 2815 V,
840 2786 917 2817 pag.
936 2775 1014 2807 602.
1114 2788 1162 2819 17,
1183 2787 1235 2808 20.
1263 2778 1311 2810 St.
1330 2779 1513 2820 Augustini

210 2822 301 2863 Opp.
319 2827 403 2853 tom.
422 2823 462 2861 V,
482 2831 560 2862 pag.
580 2822 656 2854 353.
755 2823 806 2855 30.
826 2832 902 2864 pag.
922 2821 999 2855 603.
1076 2831 1129 2864 34.
1150 2823 1238 2855 Vide
1263 2834 1368 2866 supra
1386 2834 1463 2867 pag.
1482 2835 1512 2867 7.

264 2875 308 2903 De
328 2875 419 2903 Civili
439 2875 597 2903 Dominio.
618 2875 671 2904 111.
1330 2880 1370 2912 27

1585 1716 1644 1743 We
1667 1721 1749 1744 must

1543 1752 1653 1778 render
1671 1756 1702 1778 to
1722 1751 1791 1779 Him

1567 1785 1601 1812 of
1617 1785 1664 1812 his
1684 1794 1764 1813 own.

1539 2236 1638 2263 Three
1659 2235 1750 2263 kinds
1772 2235 1806 2263 of

1591 2270 1738 2305 begging;

1559 2305 1717 2337 innuitive,
1740 2305 1775 2339 by

1627 2339 1705 2374 sign,
