2050 3292
223 243 303 290 468

307 352 403 379 Their

254 387 468 414 endowments

282 421 379 456 might
401 421 436 448 be

220 457 328 483 turned
350 460 380 482 to
401 456 489 482 other

261 491 351 525 pious
371 499 451 518 uses.

231 1750 390 1786 Although
413 1750 481 1778 God

246 1785 372 1813 oidains
392 1786 473 1819 good

231 1825 285 1847 out
304 1820 338 1847 of
355 1821 412 1854 sin,
433 1824 481 1855 yet

239 1855 284 1881 sin
307 1840 418 1882 should
441 1856 474 1881 be

274 1889 432 1924 repioved.

933 248 992 280 DE
1021 248 1157 280 CIVILI
1186 249 1395 280 DOMiNio.
1592 236 1698 289 [CAP.
1720 244 1815 273 xxii.

510 355 650 392 Omnis
695 354 799 392 enim
832 354 922 391 talis
966 363 1084 391 nocet
1129 354 1307 401 ecclesie,
1337 350 1343 407 Ι
1371 362 1414 390 ut
1447 361 1556 402 patet
1601 365 1644 389 ex
1688 352 1816 389 dictis.
1859 357 1933 401 189⁰

509 413 775 449 Ministerium
816 421 949 449 autern
992 425 1225 449 conversum
1268 412 1309 448 in
1343 412 1441 449 alios
1480 411 1566 459 pios
1597 423 1693 447 usus
1725 423 1817 458 pro-

510 472 637 507 desset
659 470 822 506 ecclesie
855 483 936 506 non
969 472 1166 516 nocendo,
1200 471 1269 506 sed
1297 469 1427 506 omnis
1450 468 1680 505 nocumenti
1703 468 1816 515 spiri-

507 528 625 564 tualis
660 528 842 564 carencia
874 529 976 564 foret
1009 527 1236 576 expedicior
1266 529 1327 564 vel
1367 527 1497 563 minus
1536 527 1642 563 mala
1676 525 1816 562 ceteris

507 586 669 635 paribus
702 599 821 634 quam
857 585 940 622 eius
969 586 1134 633 posicio,
1169 598 1263 633 ergo
1287 585 1503 623 conclusio.
1538 584 1631 621 Scio
1653 583 1849 632 quidem5

508 645 615 692 quod
647 656 785 680 omnes
820 644 926 689 mali,
967 643 1092 680 eciam
1135 643 1292 691 dyaboli
1326 656 1395 691 per
1434 642 1618 680 accidens
1650 650 1817 690 prosunt

508 702 685 748 ecclesie,
731 701 825 750 quia
858 704 970 738 Rom.
1005 703 1101 747 VIII,
1151 702 1201 739 28
1253 701 1469 737 timentibus
1513 699 1641 737 Deum
1690 699 1815 736 omnia

507 767 767 809 cooperantur
805 766 843 795 tn
888 761 1039 797 honum.
1094 760 1170 795 Sed
1209 771 1283 795 nec
1316 760 1461 795 debent
1493 758 1627 795 taliter
1658 769 1816 805 preesse

507 826 549 853 ut
582 817 749 865 prosint,
784 829 856 853 nec
888 826 1043 854 tantum
1079 817 1233 865 prosint
1255 815 1357 853 sicut
1380 816 1511 853 debite
1535 815 1814 861 ministrando,

508 875 612 923 quia,
646 875 739 912 licet
773 875 1010 922 recipientes
1043 877 1092 911 ab
1117 874 1171 911 eis
1204 884 1455 911 sacramenta
1485 882 1700 919 merentur,
1734 886 1815 909 non
1836 891 1874 911 10

506 941 641 969 tamen
673 942 828 969 tantum
863 933 918 969 sic
942 933 981 969 in
1005 945 1098 969 casu
1122 945 1200 981 quo
1224 932 1299 980 ipsi
1331 932 1600 968 ministrantes
1625 932 1816 967 merendo

507 992 824 1039 superadderent
872 991 1119 1027 adiutorium
1155 991 1378 1039 personale,
1411 1003 1484 1026 nec
1506 999 1663 1026 tantum
1690 1001 1816 1037 quan-

507 1058 590 1085 tum
626 1057 831 1085 merentur
862 1048 902 1085 in
938 1061 1031 1085 casu
1054 1062 1132 1096 quo
1157 1048 1377 1085 ministeria
1402 1048 1455 1084 eis
1480 1047 1663 1095 impensa
1687 1047 1817 1083 forent

507 1108 654 1143 collata
686 1107 773 1143 aliis
806 1106 881 1154 piis
914 1106 1144 1155 prepositis3
1181 1115 1216 1142 et
1264 1105 1320 1142 sic
1354 1106 1602 1142 meritorium
1639 1113 1695 1141 est
1728 1106 1818 1140 obe-

507 1165 591 1201 dire
636 1164 702 1208 eis,
748 1177 828 1201 non
874 1165 913 1200 in
958 1165 1263 1212 quibuscunque
1319 1165 1386 1200 sed
1432 1165 1561 1200 solum
1595 1163 1633 1199 in
1669 1162 1873 1201 Christi15

508 1222 684 1259 consiliis
728 1223 789 1259 vel
833 1223 1053 1270 preceptis;
1099 1222 1140 1258 in
1184 1222 1272 1258 aliis
1316 1231 1448 1258 autem
1489 1222 1573 1257 istis
1606 1219 1817 1257 contrariis

508 1282 653 1318 debent
687 1279 892 1316 christiani
926 1280 1021 1328 ipsis
1055 1280 1257 1325 1·esistere;
1291 1288 1327 1315 et
1365 1279 1434 1325 sic,
1467 1279 1560 1315 licet
1594 1278 1735 1314 melius
1768 1278 1817 1313 sit

507 1338 672 1374 ecclesie
710 1338 1074 1386 predestinatorum
1115 1339 1261 1374 habere
1300 1338 1397 1374 tales
1430 1337 1656 1386 prepositos
1688 1349 1809 1384 quam

506 1397 607 1432 foret
650 1396 817 1432 omnino
856 1409 877 1432 a
912 1396 1025 1433 malis
1058 1404 1095 1432 et
1127 1396 1240 1432 bonis
1273 1395 1455 1442 deficere,
1501 1404 1637 1432 tamen
1671 1393 1811 1430 melius

506 1463 609 1490 esset
642 1455 788 1490 habere
820 1456 945 1490 bonos
978 1453 1221 1502 prepositos3
1267 1453 1329 1489 isti
1376 1453 1481 1489 enim
1515 1453 1635 1488 simul
1666 1460 1812 1488 nocent
1834 1469 1875 1490 20

506 1520 544 1547 et
565 1521 733 1559 prosunt
756 1513 974 1548 secundum
1000 1511 1200 1559 duplicem
1226 1511 1428 1547 racionem
1453 1510 1812 1558 incomparabilem

506 1569 836 1618 comparacione3
869 1570 908 1605 in
940 1582 1082 1617 genere
1114 1578 1260 1606 nocent
1291 1569 1331 1604 in
1355 1578 1549 1617 quantum
1577 1576 1745 1616 peccant
1778 1576 1814 1603 et

506 1638 675 1675 prosunt
708 1627 747 1663 in
781 1637 974 1676 quantum
999 1629 1126 1664 bonos
1150 1627 1378 1673 exercitant,
1413 1640 1624 1663 numerum
1649 1626 1814 1661 humani

507 1685 661 1733 generis
695 1695 969 1733 augmentant,
1004 1695 1041 1722 et
1074 1687 1124 1722 ad
1157 1694 1414 1733 augmentum
1445 1684 1704 1721 beatitudinis
1728 1696 1815 1732 pre-

507 1752 664 1791 parant,
695 1741 698 1795 Ι
730 1744 838 1780 Licet
882 1743 986 1780 enim
1036 1743 1177 1779 melius
1222 1743 1270 1779 sit
1316 1756 1398 1780 esse
1432 1744 1558 1780 malos
1590 1742 1815 1793 prepositos
1860 1748 1936 1791 189⁰1

507 1811 544 1837 et
577 1803 769 1849 populum
819 1802 1036 1849 prescitum
1085 1801 1237 1837 mixtim
1286 1814 1374 1837 cum
1420 1801 1534 1838 bonis
1580 1813 1700 1848 quam
1733 1813 1813 1836 non

508 1872 591 1895 esse
625 1859 853 1895 huiusmodi
886 1861 946 1906 (ut
979 1868 1087 1907 patet
1119 1860 1297 1907 capitulo
1319 1861 1364 1909 X,
1397 1859 1509 1896 tercii
1542 1859 1688 1906 huius),
1724 1870 1812 1893 cum

509 1917 650 1953 melius
693 1926 750 1954 est
793 1920 919 1954 bonos
964 1930 1047 1954 esse
1089 1931 1211 1966 quam
1251 1918 1378 1954 malos
1412 1929 1494 1953 esse
1528 1925 1565 1953 et
1599 1929 1689 1953 cum
1722 1928 1815 1963 pars

510 1975 645 2011 mundi
690 1975 1054 2023 proposcionaliter
1097 1977 1262 2023 prodest
1306 1975 1470 2011 ecclesie
1520 1983 1563 2011 ut
1608 1983 1665 2011 est
1708 1986 1813 2020 vera,

508 2041 617 2080 patet
649 2035 756 2081 quod
790 2046 908 2069 omne
942 2035 1092 2069 malum
1133 2034 1263 2069 minus
1295 2035 1458 2081 prodest
1496 2032 1660 2069 ecclesie
1693 2044 1813 2080 quam
1831 2039 1872 2071 30

508 2093 659 2127 bonum
705 2091 953 2139 simpliciter.
1005 2091 1130 2127 Aliter
1174 2091 1279 2128 enim
1326 2099 1538 2139 peccatum
1575 2089 1745 2126 Luciferi
1779 2098 1815 2125 et

508 2148 774 2196 prothoplasti
806 2158 961 2186 tantum
1008 2151 1243 2196 prodessent
1277 2149 1441 2186 ecclesie
1485 2148 1588 2185 sicut
1625 2147 1812 2184 meritum

510 2206 676 2251 Christi3
724 2208 773 2242 ad
805 2216 962 2243 tantum
997 2206 1195 2255 siquidem
1230 2209 1377 2243 bonum
1413 2216 1592 2255 prosunt,
1638 2205 1730 2254 quia
1764 2207 1814 2242 ad

508 2266 630 2301 totale
662 2266 811 2301 bonum
847 2267 989 2301 domus
1022 2265 1180 2302 Domini
1214 2268 1281 2302 sed
1313 2278 1393 2301 non
1425 2274 1599 2312 tantum,
1646 2274 1682 2300 et
1714 2263 1815 2300 sicut

509 2324 671 2370 prodest
704 2331 740 2358 et
773 2335 843 2371 per
877 2335 1124 2371 consequens
1157 2333 1215 2360 est
1247 2325 1395 2359 bonum
1431 2323 1540 2371 quod
1571 2294 1649 2358 sint
1672 2321 1870 2370 pielati35

509 2380 667 2428 reprobi
711 2393 792 2416 non
838 2381 998 2429 quidem
1044 2381 1119 2417 illis
1151 2381 1249 2417 utile
1281 2383 1348 2417 sed
1382 2381 1499 2418 matri
1532 2380 1710 2427 ecclesie,
1759 2380 1814 2416 sic

509 2447 566 2474 est
599 2440 747 2474 bonum
784 2441 891 2487 quod
925 2439 997 2475 iste
1028 2440 1150 2475 Judas
1183 2448 1220 2475 et
1251 2439 1325 2475 iste
1354 2439 1581 2487 quicunque
1606 2451 1813 2486 perveisus

509 2496 735 2544 prepositus
768 2497 817 2532 sit
848 2497 888 2532 in
922 2498 1087 2541 mundo,
1121 2497 1213 2545 quia
1247 2498 1363 2544 longe
1398 2497 1538 2533 melius
1562 2508 1683 2544 quam
1712 2496 1813 2532 foret

509 2553 649 2590 ceteris
671 2554 833 2602 paribus
856 2554 984 2602 ipsum
1010 2568 1091 2591 non
1115 2567 1217 2598 esse;
1252 2557 1319 2590 sed
1353 2567 1442 2590 cum
1477 2567 1549 2590 nec
1582 2553 1631 2590 sit
1664 2555 1812 2589 bonum

508 2611 581 2647 sibi
614 2613 720 2659 quod
754 2612 809 2648 sic
842 2622 991 2661 peccet,
1036 2625 1109 2649 nec
1142 2615 1226 2649 Deo
1259 2612 1464 2660 placitum,
1510 2625 1582 2648 nec
1626 2611 1710 2659 ipse
1742 2623 1814 2647 nee
1828 2627 1872 2657 40

509 2669 609 2705 alius
661 2671 777 2705 debet
829 2670 927 2706 velle
979 2671 1108 2717 ipsum
1164 2671 1218 2707 sic
1258 2683 1436 2718 peccare,
1495 2671 1562 2706 sed
1615 2669 1813 2705 imitando

578 2861 630 2892 27.
658 2853 708 2883 De
734 2853 834 2884 Civili
861 2853 1026 2884 Dominio
1054 2854 1074 2892 I7
1102 2852 1144 2884 66
1171 2863 1270 2894 seqq.
