2050 3292
192 240 273 277 616

220 1573 311 1601 Since
330 1581 377 1600 we
397 1572 434 1599 all

219 1608 265 1636 sin
286 1616 332 1634 we
353 1612 437 1634 must

233 1643 422 1677 continually

192 1679 324 1713 implore
349 1685 463 1713 mercy.

260 1863 397 1899 Baptism

193 1904 325 1926 restores
342 1907 412 1925 man
434 1902 464 1924 to

204 1941 305 1968 grace,
328 1933 381 1960 but
401 1938 454 1960 not

221 1973 251 1995 to
272 1977 286 1995 a
309 1972 384 1995 state
405 1968 440 1996 of

238 2003 416 2031 innocencc.

905 246 962 277 nr:
991 244 1124 276 civim
1153 245 1362 278 monimo.
1546 233 1652 287 [mr.
1677 242 1784 271 xxvi

478 352 714 388 necessitate
748 352 892 387 habeat
923 351 1076 387 veniale
1110 351 1386 388 concomitans
1420 361 1455 388 et
1488 353 1543 389 sic
1577 361 1717 400 peccat
1740 353 1787 389 de

479 410 685 446 communi
711 422 827 446 cursu
852 409 980 445 infans
1004 418 1093 457 post
1117 409 1359 457 baptismum
1379 419 1415 446 et
1431 419 1540 458 ante3
1564 410 1788 458 baptismus

479 467 614 516 itaque
648 468 751 504 delet
785 479 903 503 omne
937 476 1146 515 peccatum
1173 467 1380 515 originale,
1415 468 1583 513 actuale,
1620 469 1787 504 mortale

480 534 547 562 aut
580 525 733 561 veniale
766 526 874 573 quod
907 524 1069 571 invenit,
1104 527 1172 561 sed
1207 526 1255 561 de
1287 525 1432 562 veniali
1456 525 1684 562 omissionis
1707 538 1787 562 non

478 591 654 632 oportet3
687 592 724 619 et
756 582 852 618 illud
884 582 1039 619 videtur
1060 582 1303 630 Augustinus
1336 583 1501 620 innuere
1530 583 1789 620 Enchiridion

478 642 616 678 XLIX:
649 641 888 690 Baptismus,
922 640 1065 689 inquit,
1098 653 1318 690 quecunque
1340 641 1550 692 originalia
1573 649 1732 690 peccata
1755 649 1790 677 et

478 699 748 735 accidencialia
776 705 951 747 peccata,
984 710 1201 748 quecunque
1232 699 1363 744 corde,
1396 711 1464 735 ore
1485 707 1520 735 et
1552 711 1665 748 opere
1687 712 1788 735 com-

479 757 594 792 missa
629 757 827 803 invenerit,
866 756 988 801 tollit;
1031 765 1067 792 et
1112 756 1292 804 loquitur
1339 758 1386 792 de
1418 764 1584 805 peccato
1615 753 1787 808 veniali}

480 814 774 850 commissionis
808 814 915 862 quod
947 823 1064 850 vocat
1096 814 1271 860 actuale3
1311 814 1466 850 videtur
1498 826 1540 850 ex
1574 815 1648 851 hoc
1682 816 1790 863 quod

479 871 684 920 subiungit
717 872 755 907 in
790 871 868 908 fine
902 871 1086 919 capituli:
1127 873 1374 920 Sanctorum,
1412 871 1554 921 inquit,
1594 873 1789 908 hominum

478 930 595 965 vitam
629 930 810 978 quamdiu
849 930 884 965 in
924 930 995 965 lzac
1028 930 1187 966 mortali
1218 930 1363 965 vivitur
1394 930 1558 966 inveniri
1588 943 1703 979 posse
1736 931 1790 965 di-

478 988 600 1023 cimus
630 988 709 1023 Sine
741 987 918 1028 crimine,·
956 995 1156 1036 peccatum
1202 995 1328 1023 autem
1374 988 1408 1023 3ι“
1445 988 1661 1024 dixerimus
1704 988 1790 1036 quia

478 1057 550 1080 non
578 1046 772 1091 habemus,
807 1053 846 1081 ut
880 1045 932 1080 ait
965 1045 1182 1094 Apostolus,
1217 1053 1362 1081 tantum
1393 1053 1539 1082 uosmet
1562 1046 1662 1094 ipsos
1683 1047 1791 1082 sedu-

478 1104 610 1149 cimus,
650 1111 685 1139 et
724 1103 868 1139 veritas
907 1103 942 1138 in
976 1103 1081 1139 uobis
1118 1116 1191 1139 uon
1230 1108 1286 1138 est
1318 1104 1344 1139 1.
1376 1104 1464 1140 Joh.
1500 1105 1525 1147 Ι,
1560 1104 1597 1143 8,
1651 1103 1790 1140 Nullus

478 1160 599 1208 igitur
622 1160 861 1197 christianus
889 1161 1004 1209 plene
1037 1160 1174 1197 obedit
1199 1162 1295 1206 Deo,
1330 1162 1424 1197 dum
1459 1160 1593 1197 deficit
1622 1174 1644 1197 a
1667 1162 1790 1208 cultu,

478 1231 595 1266 quern
630 1218 705 1254 sibi
737 1218 992 1267 impenderet
1024 1220 1221 1255 subducto
1254 1218 1439 1255 tardante
1472 1227 1652 1267 peccato.
1698 1218 1791 1256 Ideo

478 1276 573 1312 dicit
595 1277 734 1313 beatus
758 1277 1013 1313 Bernhardus
1038 1276 1077 1312 in
1102 1278 1158 1312 De
1182 1276 1499 1324 Dispensacione
1522 1276 1699 1324 capitulo
1722 1278 1790 1313 XI:

477 1335 625 1371 Fateor
666 1347 758 1370 sane
802 1334 1021 1383 inpossibile
1064 1334 1183 1370 cuivis
1226 1335 1448 1370 mortalium
1495 1335 1556 1371 vel
1592 1335 1793 1371 venialiter

479 1392 670 1428 interdum
716 1405 787 1428 non
834 1392 1055 1441 delinquere
1086 1392 1121 1428 in
1149 1392 1345 1441 preceptis
1375 1393 1602 1429 obediencie.
1653 1394 1702 1429 Et
1733 1404 1791 1429 se-

479 1449 635 1498 quitur:
677 1450 817 1486 Verum
851 1457 925 1486 est:
956 1463 977 1485 a
1024 1450 1139 1486 nullis
1175 1461 1290 1500 posse
1319 1451 1476 1486 servari
1516 1451 1566 1486 ad
1595 1450 1791 1501 integrum

479 1507 657 1557 quicquid
686 1520 708 1543 α
741 1507 935 1558 magistro
962 1508 1193 1557 precipitur,

537 1567 592 1601 Ex
636 1564 720 1601 istis
766 1573 873 1613 patet
917 1574 959 1601 ut
1003 1565 1043 1601 in
1089 1565 1290 1613 principio
1336 1565 1451 1602 huius
1485 1565 1649 1614 capituli
1682 1567 1791 1614 quod

480 1636 619 1660 omnes
653 1622 860 1660 christiani
894 1623 1038 1659 viando
1071 1632 1238 1671 peccant
1272 1623 1457 1660 continue
1487 1624 1547 1660 vel
1571 1623 1793 1660 mortaliter

479 1681 539 1717 vel
582 1680 808 1727 venialiter3
862 1680 952 1717 ideo
996 1694 1077 1717 non
1122 1690 1301 1729 superest
1345 1680 1419 1718 nisi
1473 1681 1790 1726 misericordiam

480 1738 680 1787 sapiencie
704 1751 771 1775 sue
795 1751 871 1787 que
895 1739 1053 1787 supplet
1076 1747 1253 1776 nostram
1277 1738 1554 1788 ignoranciam
1576 1739 1792 1787 penitendo
1835 1746 1848 1778 ἶ

481 1796 672 1833 continue
705 1796 934 1845 implorare,

538 1855 587 1891 Et
618 1854 649 1890 si
683 1863 873 1903 queratur
906 1867 1028 1903 quare
1066 1854 1289 1903 baptismus
1329 1867 1408 1891 non
1448 1855 1550 1892 delet
1582 1863 1790 1903 peccatum

480 1912 633 1949 veniale
665 1912 894 1949 omissionis
928 1912 1029 1949 sicut
1061 1922 1269 1961 peccatum
1295 1912 1448 1949 veniale
1482 1912 1792 1958 commissionis,

481 1972 589 2019 quod
623 1979 679 2007 est
712 1970 884 2018 gravius,
925 1970 1070 2007 dicitur
1102 1972 1210 2019 quod
1244 1972 1318 2006 hoc
1352 1970 1452 2016 ideo,
1494 1970 1588 2018 quia
1620 1970 1793 2007 restituit

481 2027 683 2065 hominem
719 2030 769 2065 ad
802 2028 977 2077 graciam
1011 2028 1042 2064 si
1076 2041 1156 2065 non
1184 2029 1233 2065 sit
1267 2027 1439 2065 finaliter
1471 2028 1709 2076 inpenitens,
1744 2040 1792 2064 ne

481 2088 735 2134 dampnetur,
786 2088 853 2122 sed
902 2099 984 2123 non
1027 2086 1196 2123 restituit
1246 2086 1449 2122 hominem
1497 2087 1547 2123 ad
1591 2086 1791 2135 integrum

480 2152 625 2181 statum
671 2145 903 2181 innocencie
947 2156 994 2181 eo
1038 2143 1125 2193 ipso
1170 2157 1250 2193 quo
1284 2143 1519 2192 baptisatur,
1566 2144 1660 2192 quia
1699 2152 1792 2180 tunc

481 2203 638 2239 tolleret
676 2215 837 2239 omnem
877 2202 1056 2239 fomitem
1102 2202 1269 2250 peccati,
1314 2203 1500 2250 ponendo
1546 2203 1790 2250 baptisatum

481 2259 520 2296 in
542 2268 622 2296 tam
648 2261 826 2308 perfecto
844 2256 847 2313 l
865 2268 969 2297 statu
993 2259 1149 2297 colendi
1174 2262 1315 2308 Deum,
1349 2259 1450 2296 sicut
1484 2258 1620 2296 fuisset
1641 2260 1792 2308 positus

481 2317 521 2354 in
559 2326 661 2355 statu
707 2317 962 2365 innocencie;
1007 2319 1114 2367 quod
1147 2326 1203 2354 est
1246 2325 1383 2355 contra
1428 2317 1715 2366 experienciam
1757 2325 1794 2354 et

481 2375 735 2424 scripturam.
789 2378 869 2413 Nec
907 2378 1019 2413 obest
1062 2377 1130 2412 sed
1164 2377 1346 2412 convenit
1380 2375 1619 2412 medicinam
1653 2375 1792 2411 tollere

482 2433 656 2471 defectus
687 2435 888 2482 graviores
922 2433 1223 2470 remanentibus
1255 2433 1429 2482 peccatis
1463 2432 1703 2479 minoribus3
1736 2432 1792 2469 sic

482 2492 584 2528 enim
619 2492 806 2529 continue
838 2493 885 2528 de
920 2491 1119 2528 medicina
1153 2491 1371 2540 corporali;
1412 2490 1633 2539 baptismus
1666 2489 1792 2527 eciam

479 2549 519 2586 in
535 2549 666 2586 iudice
681 2550 820 2587 adulto
836 2550 939 2587 delet
962 2558 1170 2599 peccatum
1195 2549 1389 2597 originale
1406 2558 1442 2586 et
1459 2548 1790 2597 irregularitatem

550 2684 577 2711 8.
608 2684 703 2713 Cod.:
734 2688 762 2712 et
791 2684 875 2720 quod
901 2684 1048 2719 loquitur.
1140 2692 1173 2711 11.
1205 2682 1299 2711 Cod.:
1333 2683 1392 2710 hac
1420 2686 1529 2710 morte.
1619 2689 1665 2710 20.
1697 2681 1790 2709 Cod.:

485 2719 579 2748 Unum
600 2723 655 2746 est.
728 2727 774 2753 2¹4.
798 2719 892 2746 Cod.:
913 2718 1136 2746 misericordia.
1212 2717 1369 2746 35.2(,·0d.:
1392 2721 1438 2745 est
1456 2717 1549 2744 deest.

550 2802 582 2835 6.
621 2803 760 2834 Rectius
800 2803 884 2841 LIV,
924 2801 1015 2844 Opp.
1053 2807 1138 2835 tom.
1170 2801 1226 2841 VI,
1265 2811 1343 2843 pag,
1381 2808 1457 2833 220.
1566 2810 1614 2843 ¹7-
1652 2799 1792 2834 Rectius

482 2860 553 2892 cap.
582 2850 668 2890 XVI,
697 2849 787 2891 Opp.
815 2859 892 2891 pag.
919 2849 997 2892 934.

1831 830 1846 851 2
1857 821 1912 853 50⁵

1812 890 1849 910 10

1813 1167 1847 1198 15

1810 1465 1851 1486 20

1831 2264 1912 2298 250¹*

1810 2323 1848 2356 ‚75
