2050 3292
263 1600 351 1629 Merit
371 1600 397 1628 is
418 1604 470 1627 not

280 1634 448 1662 exhausted

247 1670 374 1696 because
393 1676 484 1705 many

276 1704 454 1739 participate

322 1740 351 1766 in
373 1739 404 1766 it.

227 2237 379 2265 Common
396 2245 498 2265 errors

321 2281 353 2299 as
374 2277 403 2299 to

259 2307 467 2342 indulgences.

242 2538 341 2574 Every
363 2538 427 2565 soul
451 2539 478 2565 in

361 2577 447 2608 atory

364 2612 390 2635 ts
409 2607 440 2635 in

246 2642 429 2678 proportion
449 2647 480 2670 to

255 2677 300 2704 nis
321 2677 469 2713 capacity.

281 2581 338 2607 pur

284 2616 339 2642 pro

947 217 1004 249 DE
1033 216 1168 248 CIVILI
1195 216 1403 249 DOMINIO¹
1583 206 1828 258 [CARXXVII.

520 324 598 359 vita
639 324 791 369 futura3
842 322 974 358 omnis
1021 322 1279 370 providencia
1321 331 1398 358 stat
1440 322 1480 358 in
1529 324 1633 359 bono
1676 322 1830 359 virtutis

521 390 713 429 tanquam
748 393 818 428 per
850 393 902 425 se,
949 389 1030 416 tam
1065 381 1172 428 quod
1206 382 1354 416 bonum
1387 379 1544 416 virtutis
1577 380 1677 417 tollit
1709 381 1827 417 talem

521 438 778 476 affeccionem
812 439 861 474 ad
894 438 1132 486 temporalia
1165 447 1202 473 et
1233 437 1417 474 innititur
1450 439 1533 485 lege
1567 437 1726 476 Christi.

578 499 688 543 Item,
723 496 943 544 impetrans
976 494 1210 543 suffragium
1244 508 1313 543 per
1347 495 1606 532 elemosinam
1630 495 1691 533 vie
1715 496 1831 532 debet

522 566 759 603 cognoscere
804 555 909 602 quod
951 566 1031 590 non
1077 553 1208 589 minor
1246 553 1479 601 procuranti
1522 566 1658 601 ymmo
1696 553 1863 590 utilior5

520 613 621 649 foret
664 611 926 648 elemosinarii
971 611 1126 658 oracio;
1166 612 1436 659 quodcunque
1474 611 1668 659 profuerit
1711 611 1831 659 igitur

521 672 595 707 hoc
627 671 750 706 homo
784 671 900 706 debet
932 678 1122 717 appetere
1145 668 1338 706 subducta
1360 669 1578 706 affeccione
1600 669 1831 706 inordinata

521 728 725 765 commodi
758 727 993 776 personalis,
1026 728 1275 763 Antecedens
1299 728 1493 775 probatur
1515 727 1646 775 primo
1681 739 1724 764 ex
1755 728 1831 764 hoc

520 788 629 834 quod
660 787 698 822 in
731 794 927 834 quantum
964 786 1148 821 meritum
1184 784 1357 821 hominis
1389 785 1550 832 prodest
1582 786 1759 833 pluribus
1791 785 1831 822 in

518 853 674 880 tantum
719 844 839 880 habet
882 855 1117 891 promerens
1162 842 1358 879 maiorem
1402 843 1559 879 laudem
1606 856 1628 880 a
1666 845 1750 879 Deo
1795 852 1832 880 et
1853 855 1889 876 10

519 901 683 950 singulis
731 901 922 938 fratribus
967 900 1111 949 quibus
1156 902 1331 948 prodest,
1385 913 1473 936 cum
1531 903 1577 936 de
1629 909 1739 937 tanto
1783 901 1832 937 sit

520 959 705 996 meritum
741 972 855 995 suum
892 958 1098 995 extensius.

576 1019 630 1053 Ex
669 1030 749 1065 quo
787 1017 945 1053 videtur
984 1016 1092 1064 quod
1130 1014 1267 1052 utilius
1306 1016 1406 1052 foret
1445 1015 1517 1052 sibi
1551 1017 1659 1064 quod
1698 1017 1830 1064 plures

521 1075 662 1111 merito
695 1074 867 1112 oratoris
899 1073 959 1111 sui
982 1073 1237 1122 participent,
1270 1086 1359 1110 curn
1391 1076 1438 1110 de
1462 1082 1574 1110 tanto
1597 1086 1677 1110 non
1700 1074 1831 1111 arcius

517 1135 586 1170 sed
630 1132 838 1170 fecundius
876 1132 950 1168 sibi
990 1133 1207 1179 prodesset.
1261 1133 1447 1168 Secundo
1487 1131 1750 1168 confirmatur
1788 1134 1886 1168 eX15

519 1192 593 1228 hoc
631 1192 739 1239 quod
779 1190 967 1227 meritum
1001 1189 1148 1226 Christi
1187 1199 1223 1225 et
1261 1198 1392 1226 cetera
1427 1189 1567 1225 merita
1600 1199 1827 1226 sanctorum

517 1257 684 1297 prosunt
722 1247 903 1296 posteris,
943 1256 986 1284 ut
1025 1256 1132 1295 patet
1173 1260 1218 1284 ex
1257 1247 1335 1284 fide
1368 1246 1552 1291 ecclesie3
1599 1256 1635 1283 et
1672 1260 1753 1284 non
1786 1260 1830 1284 ex

518 1309 593 1343 hoc
637 1306 838 1354 colligitur
882 1318 903 1342 a
936 1304 1095 1342 Christo
1138 1305 1198 1342 vel
1243 1305 1375 1353 aliquo
1415 1313 1644 1342 sanctorum
1681 1318 1829 1342 merces

518 1378 590 1412 pro
625 1364 767 1401 merito
799 1363 896 1412 quin
929 1376 1017 1399 non*
1042 1375 1089 1399 eo
1124 1362 1253 1399 minus
1287 1365 1354 1398 sed
1388 1363 1561 1411 amplius
1593 1363 1828 1411 premiatur,

516 1436 606 1460 cum
641 1422 747 1459 beati
780 1435 861 1458 non
894 1429 1072 1457 errantes
1105 1422 1155 1456 ad
1188 1422 1338 1457 bonum
1373 1434 1487 1457 suum
1522 1423 1597 1458 hoc
1621 1430 1828 1469 appetunt,
1847 1433 1887 1454 20

517 1493 609 1529 ergo
661 1493 732 1528 per
783 1479 888 1516 idem
942 1478 1110 1527 quilibet
1171 1478 1210 1514 in
1272 1479 1507 1526 purgatorio
1570 1478 1832 1516 conformiter

516 1547 721 1587 appeteret
755 1539 802 1574 de
837 1536 980 1574 merito
1013 1536 1073 1573 sui
1106 1536 1394 1584 suffragatoris,

574 1596 718 1633 Tercio
742 1595 1005 1632 confirmatur
1029 1606 1072 1631 ex
1093 1595 1169 1630 hoc
1192 1595 1300 1642 quod
1331 1595 1497 1631 ecclesia
1520 1593 1631 1642 prius
1656 1604 1830 1631 meretur
1870 1597 1893 1627 P

518 1666 758 1702 quocunque
775 1653 918 1689 merito
933 1652 1056 1700 partis
1080 1665 1149 1688 sue
1172 1665 1292 1701 quam
1317 1652 1479 1701 aliquod
1502 1651 1584 1689 eius
1605 1654 1828 1689 membrum

518 1721 554 1748 et
600 1724 671 1760 per
715 1723 965 1758 consequens
1009 1709 1119 1758 prius
1164 1710 1364 1746 distribuit
1404 1710 1589 1747 meritum
1638 1710 1829 1747 membris
1846 1712 1886 1744 25

517 1769 659 1818 dignis,
693 1782 812 1818 quam
848 1768 1011 1817 aliquod
1043 1767 1126 1804 eius
1161 1769 1385 1804 membrum
1421 1777 1457 1805 et
1490 1781 1560 1816 per
1583 1780 1828 1817 consequens

514 1841 595 1864 non
625 1836 785 1876 oportet
818 1826 980 1863 divitem
1015 1825 1192 1874 aspirare
1224 1839 1298 1874 pro
1332 1825 1526 1874 primiciis
1560 1825 1691 1862 meriti
1719 1824 1725 1877 Ι
1753 1826 1827 1872 sui,
1868 1826 1949 1870 2:39d

516 1898 605 1922 cum
631 1898 774 1923 exuens
798 1897 838 1922 se
862 1884 928 1921 illo
952 1896 1087 1920 errore
1110 1885 1284 1920 amando
1308 1884 1540 1920 communia
1570 1883 1829 1932 participaret

516 1943 569 1980 eis
615 1943 789 1981 uberius.
842 1944 930 1979 Non
975 1942 1080 1978 enirn
1127 1951 1185 1978 est
1231 1942 1415 1978 meritum
1451 1941 1598 1978 Christi
1630 1943 1690 1978 vel
1723 1942 1827 1978 beati

515 2002 747 2038 exhaustum
795 2009 961 2049 propter
1005 2001 1081 2037 hoc
1120 2001 1227 2048 quod
1271 2000 1404 2048 plures
1441 2000 1529 2048 ipso
1568 1999 1825 2048 participant,
1844 2001 1886 2032 30

515 2072 603 2095 cum
638 2072 719 2096 non
752 2058 951 2095 dirimitur
982 2057 1108 2094 instar
1148 2057 1314 2105 pecunie
1358 2058 1499 2103 solute,
1545 2059 1612 2094 sed
1653 2057 1827 2106 quelibet

514 2130 605 2165 pars
640 2116 770 2153 meriti
803 2115 1066 2165 predestinati
1100 2116 1261 2164 prodest
1293 2114 1457 2163 singulis
1490 2128 1511 2152 a
1545 2115 1684 2152 mundi
1719 2115 1827 2163 prin-

515 2174 632 2223 cipio,
679 2174 773 2223 quia
817 2174 933 2211 aliter
978 2172 1082 2210 beati
1127 2186 1206 2210 non
1252 2174 1367 2222 plene
1406 2174 1754 2210 communicarent
1786 2172 1826 2209 in

514 2232 677 2280 gaudiis.
712 2232 817 2278 Quid
851 2231 971 2280 igitur
1002 2232 1106 2268 valet
1137 2244 1354 2279 procurare
1386 2231 1558 2280 speciale
1590 2231 1823 2279 suffragium

513 2303 586 2338 pro
618 2291 707 2327 loco
740 2299 778 2328 et
815 2298 1008 2339 tempore,
1054 2288 1122 2326 ubi
1155 2290 1202 2325 de
1234 2290 1318 2337 lege
1351 2289 1422 2326 Dei
1456 2288 1675 2326 invincibili
1709 2298 1824 2325 erunt
1841 2291 1879 2324 35

514 2348 730 2384 secundum
749 2348 1016 2396 capacitatem
1033 2346 1169 2384 omnia
1185 2348 1289 2384 bona
1305 2347 1536 2385 communia
1553 2347 1824 2395 singulorum?

514 2408 568 2442 Ex
607 2406 692 2443 istis
728 2405 885 2442 videtur
918 2406 1025 2455 quod
1057 2417 1168 2441 error
1200 2405 1295 2442 latet
1328 2404 1367 2441 in
1402 2405 1660 2453 opinionibus
1693 2405 1823 2441 indul-

513 2464 740 2511 genciarum
777 2463 951 2503 ecclesie.

572 2523 613 2557 In
651 2522 726 2559 ista
760 2521 927 2559 materia
958 2520 1115 2557 videtur
1148 2520 1269 2557 michi
1302 2520 1511 2568 probabile
1543 2521 1649 2569 quod
1683 2532 1822 2556 omnes

514 2578 553 2615 in
587 2579 819 2628 purgatorio
858 2578 1151 2616 comunicative
1189 2578 1432 2626 participant
1471 2578 1620 2614 meritis
1658 2577 1880 2618 ecclesie40

515 2637 717 2674 militantis
732 2636 1137 2686 proporcionabiliter
1160 2637 1379 2673 secundum
1403 2649 1516 2673 suam
1542 2635 1819 2684 capacitatem,

513 2694 569 2731 sic
583 2696 691 2743 quod
715 2695 780 2732 ille
803 2695 873 2744 qui
889 2694 1056 2731 decessit
1076 2694 1117 2730 in
1141 2694 1280 2731 maiori
1302 2694 1434 2742 gracia
1458 2693 1584 2742 magis
1607 2693 1822 2742 participat

581 2834 602 2855 ι.
624 2826 717 2855 Cod.:
738 2835 831 2855 omnt.
902 2837 934 2861 4.
952 2827 1047 2855 Cod.:
1069 2834 1117 2855 me
1131 2835 1174 2867 gu·
1191 2827 1341 2855 fortasse:
1363 2827 1491 2856 variter.
