2050 3292
245 215 332 241 cAP.
348 204 488 257 xxvii]
716 215 851 245 LissER
877 214 1085 245 TERTIUs.
1751 207 1830 255 633

244 323 311 357 sed
356 334 445 357 cum
490 321 557 357 alii
601 320 778 356 salvandi
824 321 1023 355 decedunt
1066 319 1105 355 in
1150 319 1321 366 peccatis
1356 319 1421 366 qui
1466 331 1547 354 non

244 379 516 415 satisfecerant
560 391 631 425 pro
676 376 912 423 commissis,
957 377 1023 412 alii
1069 386 1202 413 autem
1236 376 1342 423 pleni
1375 375 1547 423 purgati,

245 444 282 472 et
314 436 353 471 in
386 444 556 483 utroque
601 443 690 471 sunt
735 434 932 482 quotlibet
964 435 1121 481 gradus,
1163 436 1268 469 Deus
1301 442 1397 481 aput
1429 445 1548 481 quem

244 507 324 529 non
358 502 414 530 est
447 505 706 540 personarum
741 491 928 539 accepcio
961 491 1120 527 ordinat
1164 491 1362 528 libramen
1394 491 1549 527 iusticie

212 554 228 586 5
245 564 317 599 pro
340 551 536 599 utrisque;
571 563 660 586 cum
689 549 810 597 igitur
838 562 919 585 non
941 549 991 585 sit
1013 549 1166 585 homini
1190 557 1346 596 tempus
1371 548 1547 585 merendi

245 608 319 645 sibi
352 618 441 656 post
473 607 771 655 separacionem
805 607 865 643 sui
899 620 921 643 a
953 619 1132 654 corpore,
1173 618 1219 643 eo
1252 607 1359 654 quod
1392 614 1549 654 oportet

244 675 407 702 naturas
452 665 817 702 conbeatificandas
862 673 979 701 antea
1025 664 1274 702 commereri.
1327 667 1375 700 Et
1406 665 1547 700 iterum

246 737 335 760 cum
368 736 449 760 non
481 723 554 759 erit
584 722 777 771 purgacio
800 722 955 770 peccati
978 722 1018 758 in
1040 721 1297 765 beatitudine,
1332 721 1424 769 quia
1447 733 1550 769 pena

245 794 322 829 que
361 790 417 818 est
458 780 657 817 medicina
696 780 849 828 peccati
883 789 939 816 est
972 779 1027 815 illi
1060 779 1259 828 opposita,
1300 787 1409 826 patet
1442 780 1549 827 quod

193 853 230 873 10
245 847 403 887 oportet
435 851 517 875 esse
545 847 692 874 statum
718 846 754 874 et
775 838 908 874 locum
934 837 1110 873 medium
1134 838 1236 873 inter
1260 836 1548 873 beatitudinem
1617 844 1712 871 Proof
1725 844 1791 883 that

247 905 284 933 et
327 897 459 932 locum
506 895 636 931 meriti
681 908 798 943 quem
845 895 1120 943 purgatorium
1169 894 1439 931 nominamus.
1502 896 1551 930 Et
1611 879 1789 949 gssssguffs}

246 955 362 990 istam
396 953 641 990 sentenciam
670 953 844 989 inculcat
864 953 1079 1000 Apostolus
1109 955 1133 990 I.
1157 954 1246 991 Cor.
1271 954 1333 1001 III,
1358 953 1400 989 8:
1430 952 1551 987 Unus-

246 1012 414 1060 quisque,
459 1011 602 1059 inquit,
643 1011 848 1060 propriam
894 1011 1107 1046 mercedem
1152 1010 1311 1059 accipiet
1341 1009 1549 1046 secundum

246 1082 355 1106 suum
390 1069 560 1104 laborem
596 1077 633 1104 et
665 1068 757 1116 quia
783 1067 963 1104 Christus
987 1068 1174 1104 dominus
1198 1076 1335 1104 noster
1357 1075 1414 1103 est
1446 1066 1550 1103 basis

194 1127 374 1163 15t0cius
408 1126 540 1163 meriti
573 1128 844 1162 membrorum
880 1126 1057 1172 ecclesie,
1092 1125 1299 1173 subiungit
1321 1125 1550 1174 Apostolus,

246 1185 548 1233 fundamentum
592 1184 698 1219 aliud
740 1196 847 1220 nemo
886 1191 1014 1232 potest
1038 1196 1184 1233 ponere
1210 1190 1347 1232 preter
1381 1183 1420 1217 id
1449 1183 1552 1231 quod

129 1243 207 1276 256⁰
246 1250 301 1278 est
338 1242 514 1278 Christus
542 1242 665 1278 Jesus.
719 1242 761 1276 Si
798 1241 881 1290 quis
910 1237 913 1294 Ι
942 1249 1067 1277 autem
1114 1240 1385 1290 superedificat
1431 1252 1549 1289 supra

246 1301 550 1349 fundamentum
584 1299 654 1335 hoc
693 1312 846 1345 aarum,
891 1306 1113 1349 argentum,
1158 1299 1306 1347 lapides
1339 1298 1550 1347 preciosos,

247 1358 409 1408 lignum,
435 1357 587 1405 senum,
620 1357 814 1406 stipulam,
860 1357 1151 1405 uniuscuiusque
1182 1368 1273 1405 opus
1304 1355 1550 1404 manifestum

191 1426 232 1447 20
247 1415 344 1459 erit;
366 1415 445 1451 dies
469 1415 612 1450 domini
633 1415 858 1461 declarabit,
880 1415 967 1464 quia
983 1415 1017 1449 in
1041 1414 1131 1464 igne
1146 1414 1402 1458 revelabitur5
1424 1413 1551 1448 unius-

247 1473 426 1521 cuiusque
471 1484 565 1521 opus
609 1472 719 1520 quale
763 1472 824 1515 sit,
872 1472 973 1522 ignis
1000 1472 1194 1521 probabit.
1248 1472 1291 1506 Si
1320 1471 1426 1507 cuius
1458 1483 1553 1519 opus

248 1530 432 1566 manserit
463 1530 563 1578 quod
592 1530 904 1578 superedificavit
935 1530 1146 1565 mercedem
1179 1529 1349 1578 accipiet,
1382 1528 1417 1564 si
1446 1528 1551 1564 cuius

247 1600 341 1637 opus
373 1588 516 1623 arserit
548 1587 815 1623 detrimentum
840 1588 1031 1636 pacietur,
1064 1588 1143 1636 ipse
1164 1594 1289 1622 autem
1311 1586 1443 1622 salvus
1465 1585 1550 1631 erit,

246 1646 299 1682 sic
342 1653 467 1681 tamen
511 1645 622 1693 quasi
658 1657 733 1693 per
770 1645 911 1695 ignem.
964 1647 1090 1690 Quem
1125 1654 1274 1681 textum
1308 1643 1551 1691 Augustinus

190 1704 474 1751 25frequenter
506 1711 542 1738 et
576 1702 694 1738 ceteri
727 1704 910 1738 doctores
944 1702 1199 1738 concorditer
1232 1709 1446 1749 exponunt.
1494 1703 1551 1736 De

245 1760 479 1809 purgatorio
512 1768 619 1807 patet
651 1760 909 1796 Enchiridion
942 1761 1021 1807 XII,
1061 1772 1178 1808 super
1211 1760 1369 1796 Psalmo
1403 1759 1550 1804 LXXX,

244 1820 363 1854 XXIII
409 1820 466 1855 De
511 1817 677 1854 civitate
722 1817 794 1853 Dei
839 1818 1014 1866 capitulo
1045 1819 1181 1854 XXVII
1228 1826 1265 1853 et
1309 1816 1423 1859 alibi;
1470 1816 1552 1852 vult

245 1876 350 1912 enim
395 1883 556 1912 sanctus
588 1876 804 1923 Apostolus
849 1877 956 1924 quod
988 1876 1094 1912 solus
1128 1875 1308 1911 Christus
1341 1883 1398 1910 est
1431 1874 1552 1910 homo

244 1932 597 1970 fundamentaliter
629 1945 862 1981 promerens
894 1934 1071 1969 humano
1093 1932 1227 1980 generi
1250 1931 1550 1977 beatitudinem,

190 1995 230 2026 30
245 1991 302 2028 sic
334 1992 443 2039 quod
465 2002 585 2027 nemo
608 1990 709 2027 alius
733 2001 906 2027 meretur
928 1991 1002 2027 nisi
1026 1991 1065 2026 in
1087 1991 1232 2026 virtute
1256 1990 1371 2026 huius
1394 1989 1549 2037 lapidis.

247 2050 324 2098 Sed
356 2048 423 2085 alii
456 2048 811 2096 superedificantes
845 2051 895 2085 ad
927 2048 1137 2085 utilitatem
1172 2047 1336 2085 ecclesie
1360 2056 1552 2095 tanquam

246 2106 321 2143 Dei
354 2106 557 2142 adiutores
590 2118 708 2153 super
746 2107 821 2142 hoc
860 2107 1164 2142 fundamentum
1208 2114 1297 2142 sunt
1331 2107 1551 2141 secundum

245 2165 483 2211 Apostolum
517 2163 708 2211 bipartiti,
743 2173 786 2199 ut
818 2163 885 2200 alii
916 2164 1068 2200 faciunt
1100 2176 1200 2212 opus
1233 2163 1305 2199 Dei
1338 2172 1418 2199 tam
1453 2175 1553 2210 pura

246 2221 474 2258 intencione
514 2222 621 2269 quod
654 2221 818 2257 affeccio
852 2234 989 2258 eorum
1023 2221 1063 2257 in
1095 2222 1206 2257 nullo
1247 2220 1421 2268 affigitur
1455 2219 1553 2256 citra

192 2278 463 2325 35Christum‚
509 2279 564 2315 sic
609 2280 716 2326 quod
760 2279 907 2315 nullius
940 2279 1102 2315 alterius
1135 2277 1360 2326 adquisicio
1393 2278 1452 2314 vel
1485 2278 1550 2313 de-

249 2335 427 2384 perdicio
461 2337 710 2384 perturbaret
738 2337 798 2372 vel
832 2337 1037 2373 dirimeret
1070 2336 1330 2373 affeccionem
1364 2337 1413 2371 ad
1447 2347 1552 2380 eum,

200 2427 203 2429 ,
250 2394 474 2431 cuiusmodi
525 2402 618 2430 sunt
670 2394 901 2441 speculativi
953 2406 1112 2430 omnem
1165 2392 1462 2430 solicitudinem
1516 2401 1554 2428 et

249 2451 506 2488 affeccionem
542 2450 780 2499 proicientes
812 2451 853 2488 in
884 2452 1029 2499 ipsum.

183 2513 212 2544 G
305 2509 382 2545 Alii
428 2517 560 2545 autem
592 2508 671 2545 vite
715 2509 840 2545 active
883 2509 1145 2555 intendentes,
1190 2508 1283 2545 licet
1326 2507 1554 2544 afficiantur

249 2565 355 2604 circa
387 2567 593 2613 secularia,
636 2574 771 2602 tamen
809 2579 923 2603 amor
955 2567 1100 2604 Christi
1132 2565 1344 2614 utrobique
1381 2577 1552 2613 prepon—

325 2711 372 2744 16.
400 2713 423 2744 Ι.
444 2713 521 2744 Cor.
542 2714 594 2756 III,
619 2723 759 2751 11-14.
856 2712 908 2745 26.
935 2713 1075 2744 Rectius
1093 2713 1320 2744 Enchiridion
1342 2723 1415 2754 cap.
1437 2713 1553 2755 LXIX,

252 2759 342 2800 Opp.
374 2765 459 2790 tom.
480 2760 535 2801 VI,
573 2770 605 2801 p.
640 2769 716 2790 222.
814 2758 865 2792 26.
899 2760 1040 2791 Rectius
1073 2760 1106 2791 in
1139 2759 1317 2790 Psalmum
1350 2759 1420 2790 CIII
1455 2765 1488 2789 et
1520 2759 1553 2789 in

251 2805 376 2836 Psalm.
402 2805 566 2837 XXXVII.
663 2816 715 2846 27.
742 2805 846 2837 Recte
873 2806 922 2837 De
942 2806 1014 2837 Civ.
1043 2806 1103 2837 Dei
1122 2806 1207 2847 XXI,
1235 2816 1308 2847 cap.
1337 2806 1424 2848 XIV,
1450 2804 1552 2837 XVII.
