2050 3292
274 192 362 220 CAP.
377 184 520 237 xxvn]
748 195 881 228 LIBER
908 194 1117 228 TERTIUS.

274 314 319 337 ac
377 300 515 343 mediis
568 301 747 344 mortuis,
813 310 854 337 ut
905 302 1086 338 ostendat
1136 304 1340 350 quomodo
1394 302 1579 339 meritum

273 358 437 395 ecclesie
470 358 631 406 prodest
663 358 734 395 eis:
780 360 888 404 Cmn,
928 358 1070 408 inquit,
1109 360 1301 409 sacrificia
1333 360 1413 396 sive
1444 361 1582 396 altaris

271 417 351 452 sive
381 428 693 465 quarumcunque
724 417 1017 453 elemosinarum
1045 429 1121 465 pro
1160 418 1361 466 baptisatis
1394 419 1582 466 defunctis

273 474 447 510 omnibus
477 474 705 522 offeruntur,
747 487 821 523 pro
860 475 970 510 valde
1008 475 1115 510 bonis
1151 475 1379 524 graciarum
1411 475 1583 512 acciones

241 532 371 577 5sunt,
411 544 486 580 pro
519 544 591 568 non
631 532 742 568 valde
775 532 886 567 malis
912 532 1230 581 propiciaciones.
1281 533 1426 577 Quibus
1457 540 1581 569 autem

270 597 449 637 prosunt,
492 597 557 624 aut
595 590 646 624 ad
683 590 753 626 hoc
787 597 953 638 prosunt
998 597 1037 624 ut
1073 589 1122 625 sit
1153 590 1268 638 plena
1311 591 1485 626 remissio
1517 598 1584 626 aut

273 654 376 683 certe
417 654 457 682 ut
499 647 741 683 tolerabilior
766 647 845 695 fiat
882 647 964 695 ipsa
1005 648 1246 696 dampnacio.
1300 647 1410 684 Licet
1449 657 1580 684 autem

274 705 349 741 hoc
382 703 530 740 dictum
576 713 709 752 posset
752 704 917 752 intelligi
963 705 1011 740 de
1044 705 1338 752 dampnacione
1371 706 1583 753 temporali

274 763 323 798 ad
347 774 548 801 carcerem
573 762 613 797 in
636 762 885 810 purgatori03
916 761 1071 798 videtur
1093 771 1227 798 tamen
1250 763 1356 799 iuxta
1379 763 1581 800 racionem

221 830 259 850 ยน0
273 819 493 867 predictam
527 831 645 867 posse
677 832 717 856 se
751 820 959 856 extendere
992 821 1042 855 ad
1066 821 1306 867 dampnatos
1339 820 1379 856 in
1411 821 1581 865 inferno,

273 889 352 913 non
386 878 493 925 quod
526 889 628 925 pena
667 889 803 913 eorum
844 878 995 913 tollitur
1028 879 1105 913 sive
1138 878 1352 914 remittitur
1384 879 1433 914 ad
1466 891 1579 914 suum

274 936 457 970 meritum
490 935 550 971 vel
584 934 788 982 gaudium,
829 937 896 971 sed
930 935 1087 971 acucies
1121 947 1221 982 pene
1254 945 1426 978 cavetur,
1461 949 1579 984 quam

272 992 387 1028 aliter
432 992 693 1029 incurrerent.
738 994 826 1029 Non
871 991 976 1028 enim
1015 994 1166 1028 videtur
1197 993 1354 1041 aliquos
1387 1006 1469 1029 esse
1501 1002 1582 1030 tam

274 1050 400 1086 malos
422 1050 518 1098 quin
541 1050 703 1087 fecerint
718 1049 1022 1087 occasionaliter
1042 1051 1145 1086 bona
1162 1052 1209 1086 de
1231 1063 1374 1098 genere
1398 1052 1458 1087 vel
1476 1050 1516 1087 in
1543 1063 1583 1086 se

221 1106 333 1144 ยน5vel
376 1107 416 1143 in
459 1107 555 1157 suis,
599 1109 703 1145 unde
748 1107 825 1144 sint
869 1107 977 1155 digni
1022 1108 1155 1144 taliter
1199 1121 1220 1144 a
1272 1121 1372 1156 pene
1424 1108 1583 1145 malicia

274 1165 468 1213 mitigari3
508 1178 643 1216 ymmo
683 1166 876 1213 dyabolus
915 1165 1197 1213 prodessencia
1237 1179 1314 1214 qua
1348 1166 1467 1203 servit
1503 1169 1583 1203 Deo

272 1223 429 1259 videtur
481 1223 618 1260 micius
671 1223 883 1260 cruciatus.
946 1224 1047 1259 Nam
1103 1224 1253 1260 malum
1308 1233 1581 1272 perpetratum

273 1281 447 1329 amplius
479 1280 607 1317 visum
640 1281 679 1317 in
704 1280 1009 1329 condempnatis
1032 1281 1205 1329 amplius
1228 1282 1440 1330 puniretur
1461 1294 1580 1330 quam

273 1338 420 1375 invidia
478 1339 614 1375 habita
677 1340 725 1376 de
787 1339 967 1387 profectu
1029 1350 1148 1386 quem
1211 1348 1417 1388 reportant
1478 1339 1582 1376 beati

218 1405 259 1427 20
273 1396 578 1433 occasionaliter
611 1409 654 1433 ex
687 1396 929 1444 dampnatis.
964 1396 1054 1432 ldeo
1087 1396 1180 1433 dicit
1212 1406 1373 1434 sanctus
1404 1398 1583 1434 Thomas

273 1456 383 1502 quod
413 1455 546 1491 valent
592 1454 835 1491 merentibus
881 1456 929 1490 ad
976 1454 1260 1492 beatitudinem
1294 1455 1580 1492 accidentalem

274 1511 575 1560 acquirendam,
623 1513 753 1549 valent
798 1511 976 1560 purgatis
1021 1512 1070 1548 ad
1109 1524 1252 1560 penam
1288 1514 1498 1550 delendam
1547 1521 1583 1549 et

273 1570 405 1606 valent
437 1570 664 1617 dampnatis
704 1571 751 1606 ad
792 1582 936 1617 penam
978 1568 1235 1606 minuendam
1274 1572 1335 1606 vel
1367 1579 1410 1606 ut
1442 1571 1584 1618 loquar

274 1629 401 1664 verius
433 1629 738 1675 precavendam.
785 1629 862 1664 Sed
896 1636 1029 1675 preter
1060 1628 1268 1665 caritatem
1301 1631 1343 1665 in
1374 1628 1584 1676 purgando

218 1682 258 1716 25
276 1694 312 1721 et
358 1694 613 1733 promerente
660 1686 700 1721 in
743 1685 817 1735 via,
869 1684 983 1733 ponit
1026 1694 1185 1722 sanctus
1228 1687 1406 1723 Thomas
1450 1685 1490 1721 in
1529 1689 1585 1723 De

274 1744 446 1780 Veritate
460 1743 679 1791 Theologie
701 1743 804 1780 libro
827 1743 984 1788 ultimo,
1009 1752 1196 1790 oportere
1219 1745 1328 1792 quod
1350 1756 1584 1792 promerens

275 1800 419 1849 dirigat
457 1801 730 1838 intencionem
764 1803 813 1839 ad
845 1801 945 1846 illos,
987 1799 1131 1848 quibus
1164 1802 1246 1838 vult
1277 1811 1323 1838 ut
1353 1813 1475 1850 opera
1514 1815 1585 1839 sua

274 1861 437 1906 prosint,
495 1861 561 1896 sed
615 1859 771 1896 videtur
822 1860 929 1907 quod
981 1870 1076 1904 non,
1140 1872 1233 1896 nam
1297 1869 1390 1896 tunc
1453 1860 1582 1896 solum

274 1918 507 1964 prodessent
545 1930 669 1965 opera
707 1916 910 1954 meritoria
946 1917 1005 1952 vie
1043 1915 1137 1963 ipsis
1175 1919 1403 1965 purgandis,
1444 1919 1585 1967 quibus

218 1971 261 2003 30
276 1983 313 2011 et
341 1983 490 2022 quante
522 1974 846 2012 intencionaliter
879 1976 929 2011 ad
962 1985 1102 2010 eorum
1135 1975 1320 2023 suffragia
1343 1976 1585 2024 diriguntur3

275 2031 392 2069 aliter
423 2032 530 2069 enim
563 2045 644 2069 non
677 2033 778 2069 foret
811 2031 987 2068 intencio
1021 2033 1286 2078 promerentis
1308 2045 1379 2081 per
1401 2045 1442 2070 se
1466 2046 1584 2069 causa

275 2087 459 2137 suffragii.
483 2091 560 2127 Sed
577 2102 824 2139 consequens
847 2091 999 2126 xidetur
1015 2100 1227 2127 erroneum
1249 2099 1416 2139 propter
1440 2092 1584 2137 multa3

276 2149 402 2195 primo
417 2149 509 2196 quia
526 2157 620 2184 tunc
635 2148 807 2185 intencio
822 2147 1016 2196 generalis
1031 2149 1159 2185 solum
1176 2148 1339 2185 inferret
1354 2148 1583 2196 suffragium

276 2205 477 2253 generale3
528 2207 636 2253 quod
687 2215 744 2243 est
795 2204 1041 2254 inpossibile,
1094 2206 1186 2254 quia
1238 2214 1397 2254 oportet
1447 2208 1477 2242 si
1528 2215 1586 2243 est

219 2258 259 2291 35
276 2262 507 2311 suffragium
539 2264 646 2311 quod
680 2265 726 2299 sit
757 2262 967 2311 singulare.

333 2322 444 2366 Item,
476 2328 572 2358 tunc
593 2321 702 2357 nulla
724 2321 990 2370 proporcione
1014 2321 1204 2358 racionali
1227 2321 1327 2358 foret
1351 2320 1584 2369 suffragium

277 2390 320 2413 ex
365 2379 586 2415 intencione
629 2380 803 2426 generali
846 2381 1067 2427 procedens
1113 2381 1242 2415 minus
1281 2380 1431 2415 bonum
1464 2392 1585 2427 quam

276 2435 508 2483 suffragium
555 2448 597 2472 ex
630 2436 855 2473 intencione
888 2437 1088 2484 singulari,
1122 2449 1210 2473 cum
1246 2436 1427 2473 confusio
1459 2436 1586 2473 inten-

346 2646 372 2667 2.
387 2638 483 2667 Cod.:
498 2638 585 2666 sacri
607 2639 665 2666 cio.
732 2645 770 2665 12.
787 2638 881 2666 Cod.:
897 2642 967 2674 qua}
1033 2637 1070 2666 13.
1086 2638 1180 2666 Cod.:
1197 2647 1264 2666 esse
1277 2638 1373 2666 deest.
1434 2646 1477 2672 14.
1490 2639 1585 2667 Cod.:

294 2676 429 2702 ecerunt.
507 2673 547 2701 18.
595 2673 662 2701 od.:
684 2673 816 2704 puniret.
890 2681 932 2701 22.
954 2672 1051 2701 Cod.:
1073 2673 1416 2709 valent-adquirendum
1436 2673 1535 2701 twice.

350 2779 379 2802 2.
406 2769 428 2800 l.
455 2779 483 2801 c.
509 2779 582 2811 cap.
609 2769 678 2802 CX.
777 2775 830 2810 25.
856 2770 902 2800 St.
929 2768 1089 2801 Thomae
1115 2768 1165 2800 De
1191 2769 1343 2801 Veritate
1369 2768 1495 2802 Theol.

350 2836 394 2863 De
413 2835 502 2864 Civili
522 2836 679 2864 Dominio.
699 2835 750 2863 111.
1405 2848 1445 2876 41

1787 191 1860 237 641

1613 310 1679 337 Th:
1700 311 1852 338 Cliurch's

1626 345 1715 372 merit
1736 346 1841 379 protits

1626 380 1673 412 all,
1694 388 1768 406 even
1790 380 1839 407 the

1661 415 1804 442 damned.

1633 1395 1676 1424 St.
1697 1394 1838 1423 Thomas

1625 1437 1696 1464 says
1715 1438 1760 1457 we
1781 1430 1849 1465 help

1615 1465 1687 1500 only
1708 1464 1794 1491 those
1814 1472 1860 1491 we

1610 1499 1685 1526 have
1705 1499 1736 1526 in
1758 1499 1854 1533 mind,

1616 1534 1669 1561 but
1689 1533 1749 1560 this
1770 1534 1795 1560 is
1815 1541 1852 1560 an

1688 1577 1784 1596 error.

1645 2325 1722 2357 This
1743 2337 1829 2357 error

1670 2364 1753 2391 leads
1773 2368 1804 2391 to

1612 2398 1863 2426 contradictions.
