2050 3292
275 213 365 240 CAP.
386 202 530 255 xxvii]
750 213 885 243 LIBER
910 212 1119 243 TERTIUS.

274 333 434 357 omnem
488 332 633 368 penam
687 319 938 367 corporalem
974 319 1172 356 excedere.
1235 317 1442 362 Quotlibet
1500 325 1589 352 sunt

274 377 443 414 dicenda
487 377 695 414 scolastice
740 376 779 412 in
824 375 899 412 ista
945 374 1114 411 materia
1158 387 1234 422 que
1272 374 1415 411 omitto
1453 374 1587 422 gracia

274 435 490 481 brevitatis,
536 447 609 471 nec
656 442 785 470 tracto
829 432 1111 481 particularius
1155 433 1204 468 de
1243 432 1346 480 igne,
1392 433 1439 468 de
1470 428 1584 484 locol

153 499 236 543 257d
274 501 343 529 aut
376 505 488 529 mora
522 505 637 541 pene,
672 491 766 539 quia
798 491 880 527 scio
914 491 1022 539 quod
1055 498 1152 538 aput
1180 502 1384 525 summum
1410 489 1586 525 iudicem

241 559 392 598 §super
415 550 553 587 omnia
575 549 798 586 intuentem
821 548 990 585 libratur
1023 548 1266 584 diuturnitas
1298 559 1400 595 pene
1433 556 1471 583 et
1503 547 1587 583 eius

273 608 431 645 acucies
463 606 869 656 proporcionabiliter
902 607 951 642 ad
986 605 1189 644 delictum.
1228 606 1321 641 Ideo
1354 617 1444 641 cum
1478 605 1587 641 Deus

272 666 355 703 vult
397 667 505 714 quod
550 665 780 713 ignoremus
826 664 922 701 talia
968 662 1199 711 singularia,
1244 663 1447 700 videretur
1494 674 1587 699 ceca

272 723 529 772 presumpcio
585 722 835 759 inevidenter
889 721 1030 758 talium
1094 720 1286 757 noticiam
1342 719 1585 768 sompniare.

272 781 380 818 Dicit
425 790 557 817 autern
601 781 780 817 Thomas
825 779 865 816 in
909 781 966 815 De
1011 779 1187 815 Veritate
1231 778 1333 814 libro
1364 780 1431 814 VII
1480 779 1588 826 quod

221 858 258 878 10
273 838 494 884 oraciones,
528 838 723 875 ieiunium
758 846 795 874 et
825 837 984 874 oblacio
1017 835 1228 873 eucaristie
1259 844 1351 872 sunt
1390 835 1587 872 medicine

272 896 462 944 precipue
495 909 568 944 pro
601 895 798 944 purgati53
831 907 968 943 ymmo
1003 894 1048 940 (si
1081 907 1161 930 non
1193 894 1322 939 fallor)
1353 893 1484 930 omnis
1506 893 1587 929 vita

271 954 436 991 viatoris
471 953 677 990 meritoria
709 954 812 990 valet
844 953 921 989 illis
961 961 999 988 et
1031 953 1079 988 de
1112 961 1264 1000 quanto
1298 964 1389 988 curn
1422 950 1586 999 paribus

273 1012 501 1049 meritorior
539 1011 666 1059 magis
697 1012 815 1056 valet,
858 1019 894 1047 et
927 1014 984 1056 (ut
1015 1009 1112 1046 dicit
1142 1010 1297 1056 doctor)
1331 1017 1497 1057 prosunt
1532 1009 1587 1045 eis

271 1083 352 1106 non
385 1071 434 1106 ad
469 1069 655 1106 meritum
679 1069 757 1105 vite
790 1077 938 1114 eterne,
973 1069 1042 1104 sed
1074 1068 1124 1104 ad
1159 1067 1461 1115 mitigacionem
1485 1079 1587 1115 pene

218 1135 309 1168 15et
348 1127 688 1164 acceleracionern
734 1126 873 1175 glorie,
919 1127 1026 1162 unde
1070 1138 1139 1173 per
1177 1124 1280 1161 viam
1319 1124 1452 1172 gracie
1491 1124 1587 1161 dicit

270 1186 401 1222 valere
434 1185 488 1221 eis
521 1185 751 1222 oracionem
786 1183 928 1233 capitis
960 1184 1001 1220 in
1031 1182 1248 1220 eukaristia
1269 1183 1330 1219 vel
1352 1182 1585 1220 oracionem

272 1245 547 1280 membrorum
580 1242 620 1279 in
653 1242 820 1279 ecclesia
853 1254 924 1290 per
956 1242 1075 1290 viam,
1121 1249 1158 1277 et
1196 1240 1495 1288 redempcionis
1526 1241 1587 1277 vel

270 1301 402 1349 gracie
448 1300 544 1337 dicit
587 1301 719 1337 valere
765 1300 819 1337 eis
864 1312 935 1348 per
980 1300 1146 1335 modurn
1191 1298 1409 1335 solucionis
1454 1298 1587 1335 debite

270 1358 497 1406 penitencie
513 1358 732 1395 elemosine
746 1358 807 1394 vel
822 1357 1016 1394 ieiunium
1036 1356 1077 1393 in
1093 1356 1274 1404 corporis
1294 1355 1587 1394 maceracione.

215 1434 256 1455 20
272 1418 358 1453 Stat
389 1425 522 1453 autern
552 1416 664 1453 valor
695 1417 811 1453 huius
844 1414 1022 1463 suffragii
1056 1415 1096 1451 in
1128 1414 1329 1462 purgandi
1363 1414 1586 1462 capacitate

272 1483 309 1511 et
341 1475 381 1510 in
416 1474 604 1511 merentis
636 1474 856 1512 habilitate.
889 1475 1058 1521 Oportet
1090 1481 1224 1509 autern
1255 1473 1363 1521 quod
1385 1471 1585 1520 purgandi

272 1531 474 1580 capacitas
507 1533 700 1580 procedat
732 1544 776 1568 ex
807 1531 969 1580 propria
1002 1524 1208 1578 dignitate.

202 1598 230 1629 Κ
328 1591 406 1627 Pro
440 1589 552 1626 cuius
585 1590 862 1627 declaracione
895 1588 1135 1637 supponitur
1167 1589 1275 1636 quod
1300 1600 1419 1624 nemo
1443 1587 1585 1636 recipit

272 1649 319 1684 de
353 1649 537 1684 mercede
569 1657 659 1696 post
691 1649 794 1685 hanc
816 1647 938 1684 vitam
962 1647 1039 1683 nisi
1062 1647 1282 1683 secundum
1307 1647 1416 1694 quod
1441 1645 1585 1682 meruit

214 1705 312 1744 25in
345 1707 419 1742 hac
450 1705 542 1742 vita.
590 1708 703 1742 Patet
750 1718 792 1742 ex
836 1707 911 1742 hoc
951 1706 1060 1753 quod
1093 1705 1200 1741 solus
1232 1713 1358 1740 status
1390 1703 1584 1740 viacionis

271 1772 328 1799 est
371 1772 497 1800 status
542 1763 770 1800 meritorius
814 1762 957 1812 premii
1002 1761 1263 1799 beatitudinis
1303 1761 1358 1798 sic
1401 1761 1583 1808 merenti,

269 1821 329 1857 vel
352 1830 394 1857 ut
416 1821 577 1859 deducit
600 1823 740 1858 beatus
765 1820 982 1869 Gregorius
1007 1821 1281 1868 Dyalogorum
1299 1820 1382 1856 XLI
1407 1819 1583 1867 capitulo

269 1891 341 1926 per
372 1878 471 1915 illud
499 1880 587 1916 Joh.
610 1880 693 1927 XII,
718 1890 790 1929 35:
824 1878 1041 1925 Ambulate,
1075 1879 1164 1914 dum
1198 1878 1320 1913 lucem
1354 1878 1512 1928 habetis,
1547 1885 1585 1913 et

268 1936 384 1973 Ysaie
415 1938 547 1982 XLIX,
583 1937 626 1975 8:
667 1939 855 1986 Tempore
893 1937 1038 1986 placito
1082 1935 1269 1972 exaudivi
1311 1943 1345 1971 te
1388 1943 1423 1971 et
1456 1937 1491 1971 in
1525 1935 1586 1970 die

213 2003 255 2034 30
268 1995 404 2031 salutis
435 1995 646 2031 auxiliatus
668 2008 752 2031 sum
777 1995 842 2040 tui,
872 1996 981 2042 quod
1003 1994 1220 2042 Apostolus
1244 1993 1405 2041 exponit
1429 1995 1472 2029 II.
1492 1994 1583 2029 Cor.

267 2053 330 2099 VI,
356 2064 398 2090 2:
431 2053 534 2089 Ecce
566 2065 664 2089 nunc
695 2060 845 2102 tempus
877 2052 1123 2102 acceptabile,
1156 2063 1241 2088 ecce
1273 2063 1371 2087 nunc
1404 2051 1484 2087 dies
1515 2046 1581 2102 sai

150 2115 232 2148 258²
269 2108 380 2155 lutis;
423 2119 460 2146 et
500 2111 630 2148 Eccle.
664 2112 725 2156 IX,
760 2122 824 2148 10:
867 2111 1130 2158 Quodcunque
1169 2116 1297 2159 potest
1340 2121 1476 2145 manus
1520 2116 1584 2144 tua

269 2169 457 2204 instanter
500 2180 678 2217 operare,
723 2168 808 2217 quia
853 2180 920 2204 nec
952 2180 1047 2217 opus
1080 2180 1146 2204 nec
1178 2167 1284 2203 racio
1318 2179 1385 2202 nec
1420 2167 1583 2203 sciencia

268 2238 335 2262 nec
376 2226 566 2275 sapiencia
611 2226 685 2262 erit
728 2233 821 2275 aput
863 2226 1012 2274 inferos
1043 2238 1114 2274 quo
1147 2233 1186 2260 tu
1212 2236 1416 2274 properas.
1468 2224 1584 2261 Unde

211 2283 447 2332 35sequitur
491 2283 697 2320 conclusio
743 2283 860 2320 huius
904 2283 1045 2323 sancti.
1104 2285 1157 2319 Ex
1203 2282 1347 2331 quibus
1391 2281 1581 2318 nimirum

267 2341 481 2378 sentenciis
525 2350 682 2378 constat
727 2343 836 2389 quod
869 2341 998 2389 qualis
1032 2341 1124 2377 hinc
1159 2340 1327 2389 quisque
1367 2339 1581 2387 egreditur,

267 2399 358 2436 talis
390 2399 432 2436 in
464 2399 613 2436 iudicio
645 2408 912 2447 presentatur.
966 2401 1014 2435 Et
1052 2407 1162 2447 patet
1196 2400 1243 2434 de
1280 2397 1442 2434 racione
1474 2398 1583 2445 quod

270 2466 429 2505 oportet
460 2466 624 2494 naturas
659 2457 779 2493 simul
812 2457 955 2493 mereri
988 2469 1065 2505 que
1097 2457 1244 2492 debent
1276 2455 1481 2503 premiari,
1527 2455 1583 2491 ita

268 2516 375 2563 quod
409 2515 609 2563 premium
643 2514 684 2551 in
719 2515 966 2551 beatitudine
999 2514 1220 2551 attenditur
1257 2526 1380 2561 penes
1413 2514 1581 2561 gradum

340 2692 370 2719 9.
391 2683 486 2711 Cod.:
508 2686 537 2711 et
556 2683 632 2711 dicit
650 2686 762 2711 autem.

337 2776 369 2809 9.
397 2768 443 2799 St.
471 2765 598 2799 Thom.
625 2767 647 2798 l.
673 2777 699 2799 c.
799 2776 852 2808 27.
880 2767 925 2798 St.
954 2767 1111 2808 Gregorii
1132 2767 1186 2806 IV,
1215 2776 1289 2807 cap.
1310 2766 1462 2808 XXXIX⁷
1489 2766 1581 2807 Opp.

267 2819 352 2845 tom.
382 2813 418 2855 ΙΙ7
445 2823 523 2854 pag.
549 2824 628 2853 441.

1627 554 1694 581 The
1714 555 1857 582 duration

1614 590 1673 616 and
1695 589 1864 624 sharpness

1689 624 1723 651 of
1739 623 1789 650 the

1643 659 1842 693 punishment

1602 701 1676 728 vary
1708 693 1876 729 according

1649 732 1680 754 to
1700 728 1749 755 the
1770 728 1828 755 sin.

1639 1005 1766 1040 Prayers
1787 1006 1845 1033 and

1638 1048 1846 1113 Ἑέξὲῗιιὲἶῖἴ
1859 1110 1864 1113 ,

1620 1110 1820 1144 punishment
1838 1111 1861 1137 it

1669 1146 1740 1180 they
1760 1152 1810 1171 are

1602 1179 1724 1215 worthy
1742 1179 1776 1206 of
1793 1180 1873 1214 help.

1630 1594 1711 1630 Only
1730 1595 1761 1622 in
1780 1596 1842 1623 this

1634 1629 1685 1657 life
1704 1638 1760 1657 can
1781 1638 1839 1657 one

1640 1665 1717 1691 have
1738 1666 1838 1692 merit.
