2050 3292
221 951 265 979 He
285 950 458 978 wholoves

221 986 459 1021 Godpmkmw

225 1022 310 1049 Ioves
330 1021 461 1055 nothing

212 1056 272 1083 else
292 1060 399 1091 except
418 1056 466 1083 fer

239 1090 337 1119 God's
359 1091 441 1118 sake.

916 241 973 271 DE
1002 241 1136 272 CIVILI
1164 240 1374 271 DOMINIO.
1564 225 1672 283 [CAP.
1694 236 1799 264 XXIII.

487 346 601 385 tercii
624 347 753 395 huius,
770 346 951 396 sequitur
969 348 1077 395 quod
1102 345 1269 383 civiliter
1287 344 1500 383 dominans
1526 346 1583 393 (in
1606 354 1800 394 quantum

489 406 736 451 huiusmodi)
772 405 953 454 obliquat
986 418 1007 441 a
1043 404 1240 440 mandatis
1264 403 1349 449 Dei,
1384 417 1520 451 ymmo
1550 403 1641 441 facit
1664 412 1803 441 contra

486 465 679 501 mandata
713 463 797 510 Dei,
843 476 933 499 cum
979 461 1199 499 secundum
1245 464 1405 498 beatum
1441 462 1714 498 Bernhardum
1760 461 1799 498 in

491 525 546 559 De
581 521 897 569 DiSpensacione
937 529 974 557 et
1004 522 1199 568 Precepto
1232 522 1316 556 VIII
1350 519 1525 568 capitulo
1564 520 1684 556 Omne
1711 532 1800 569 pec·

488 588 614 617 catum
648 587 783 616 contra
816 578 894 616 Dei
923 579 1147 614 mandatum
1176 578 1440 627 presumitum·
1483 578 1550 614 sed
1595 579 1670 614 hoc
1708 572 1833 614 con-5

489 637 607 685 tingit
630 637 843 685 dupliciter
872 636 1023 673 scilicet
1053 635 1222 672 scienter
1245 637 1303 673 vel
1321 632 1324 688 Ι
1344 635 1588 683 ignoranter.
1622 634 1802 671 Scienter
1844 627 1924 673 IOSb

490 705 527 731 et
573 694 755 743 explicite
799 694 949 731 faciens
994 702 1135 730 contra
1169 693 1240 729 Dei
1286 694 1524 730 mandatum
1559 692 1733 730 declinat
1766 701 1803 729 et

489 752 590 790 alius
623 752 815 800 obliquat.
850 753 918 788 Ille
950 760 1084 788 autem
1110 751 1286 787 declinat
1314 751 1381 799 qui
1404 753 1590 788 deorsum
1615 750 1804 787 terminat

488 823 668 848 amorem
704 824 819 846 suum
846 809 1079 858 precipuum
1111 809 1209 846 citra
1234 811 1381 855 Deum3
1413 809 1478 858 qui
1498 817 1554 846 est
1577 809 1804 845 maledictus

491 882 534 905 ex
568 869 726 905 Psalmo
752 869 919 914 CXVIII,
957 879 1023 914 21,
1057 868 1126 904 sed
1158 867 1222 903 ille
1256 867 1437 915 obliquat
1469 866 1537 915 qui
1570 874 1802 915 penetrante
1822 883 1861 904 10

491 926 815 975 perpendiculari
860 925 974 962 radio
1008 924 1157 962 amoris
1202 924 1397 961 irrefracti
1446 926 1496 961 ad
1540 927 1684 970 Deum,
1737 923 1804 961 alii

493 985 592 1021 radii
625 983 849 1021 secundarii
881 983 1044 1032 oblique
1077 982 1183 1020 circa
1221 982 1462 1030 temporalia
1501 982 1803 1030 disperguntur3

492 1043 559 1091 qui
583 1042 686 1079 enim
712 1043 886 1090 perfecte
909 1042 1039 1078 Deum
1065 1041 1203 1088 diligit,
1238 1040 1360 1077 nichil
1383 1049 1491 1077 amat
1519 1054 1638 1089 supra
1662 1043 1803 1086 Deum,

491 1101 614 1137 nichil
647 1109 788 1137 contra
811 1103 940 1136 Deum
973 1112 1046 1137 nec
1092 1098 1243 1147 aliquid
1276 1107 1409 1147 preter
1433 1101 1559 1135 Deum
1593 1098 1669 1135 nisi
1699 1098 1806 1146 quod

492 1167 600 1196 amat
632 1167 798 1207 propter
830 1171 936 1208 eum,
970 1167 1011 1194 ut
1035 1157 1131 1194 dicit
1152 1157 1398 1205 Augustinus
1420 1157 1453 1193 X
1476 1156 1654 1193 Confess.
1678 1157 1804 1203 XXX,
1824 1161 1861 1194 15

493 1225 530 1254 et
553 1230 622 1264 per
646 1229 895 1265 consequens
918 1217 1033 1264 plene
1056 1214 1130 1251 scit
1153 1216 1357 1264 quomodo
1380 1227 1449 1262 per
1467 1227 1507 1251 se
1529 1215 1591 1252 vel
1614 1227 1683 1263 per
1706 1213 1805 1251 alios

492 1274 781 1311 honorificetur
806 1277 929 1323 Deus3
961 1282 999 1311 et
1030 1273 1085 1310 sic
1109 1282 1191 1310 tam
1215 1273 1329 1321 plene
1366 1272 1581 1309 inclinatur
1613 1272 1653 1308 in
1677 1274 1803 1308 Deum

491 1334 601 1381 quod
646 1346 726 1369 non
771 1333 890 1369 habet
934 1331 1119 1378 affectum
1165 1330 1401 1368 inclinatum
1436 1331 1496 1367 vel
1540 1330 1706 1378 ligatum
1747 1342 1805 1367 se-

493 1393 667 1427 cundum
712 1390 915 1427 racionem
950 1389 1104 1437 generis
1137 1390 1187 1426 ad
1227 1389 1346 1425 aliam
1382 1397 1620 1435 creaturam,
1666 1396 1703 1424 et
1735 1401 1806 1437 per

493 1461 744 1497 consequens
768 1448 807 1484 in
830 1448 938 1484 nulla
964 1448 1184 1484 delectatur
1206 1446 1283 1484 nisi
1317 1448 1364 1482 de
1398 1455 1548 1495 quanto
1581 1447 1805 1494 complacet
1821 1458 1864 1481 20

493 1509 576 1543 Deo
611 1520 694 1543 suo.
749 1506 789 1542 Si
823 1506 929 1542 enim
963 1506 1185 1541 delectatur
1218 1506 1264 1541 de
1298 1504 1446 1554 aliquo,
1492 1504 1586 1552 quia
1626 1504 1806 1552 proprie·
1847 1507 1872 1538 C

491 1564 592 1601 tasie
636 1565 695 1600 vel
740 1563 1017 1612 principaliter
1062 1564 1192 1611 placet
1224 1562 1310 1608 sibi,
1357 1571 1451 1599 tunc
1485 1562 1611 1610 diligit
1643 1563 1732 1610 plus
1764 1569 1808 1597 ut

493 1622 567 1659 sibi
601 1623 807 1669 placeatur
840 1634 960 1669 quarn
987 1624 1070 1658 Deo
1103 1629 1140 1657 et
1173 1633 1241 1669 per
1264 1633 1513 1669 consequens
1543 1619 1807 1668 proprietarie

494 1680 622 1728 diligit
655 1680 764 1716 aliud
797 1693 817 1716 a
841 1682 926 1716 Deo
959 1692 1039 1715 non
1073 1687 1234 1727 propter
1257 1681 1398 1714 Deum.
1436 1679 1534 1714 Cum
1567 1690 1659 1725 ergo
1693 1679 1809 1714 debet

493 1738 594 1774 scire
639 1739 747 1786 quod
791 1738 973 1774 voluntas
1007 1737 1078 1773 Dei
1123 1737 1225 1773 foret
1269 1745 1312 1772 ut
1356 1735 1494 1772 omnia
1537 1736 1669 1772 forent
1701 1748 1808 1772 com—
1825 1737 1865 1769 25

495 1795 644 1842 munia,
678 1805 721 1832 ut
741 1795 781 1831 in
803 1804 907 1831 statu
931 1794 1179 1844 innocencie,
1213 1794 1297 1842 ipse
1321 1795 1437 1830 debet
1461 1794 1536 1829 hoc
1558 1794 1657 1830 velle
1681 1801 1718 1830 et
1740 1805 1810 1841 per

495 1866 746 1902 consequens
778 1866 856 1890 non
891 1854 1006 1889 debet
1031 1861 1217 1900 appetere
1247 1865 1331 1888 esse
1356 1851 1479 1888 civilis
1503 1850 1808 1899 proprietarius.

495 1914 543 1948 Et
588 1924 677 1947 curn
723 1923 842 1947 nemo
887 1911 935 1947 sit
980 1910 1018 1946 in
1064 1919 1155 1947 actu
1201 1909 1326 1946 civilis
1371 1909 1661 1957 proprietarius
1696 1906 1700 1961 Ι
1734 1907 1809 1944 nisi
1854 1910 1930 1954 198c

494 1970 645 2015 volens,
680 1978 787 2017 patet
821 1970 929 2017 quod
962 1969 1136 2016 perfecte
1169 1967 1337 2015 diligens
1371 1969 1497 2003 Deum
1533 1968 1669 2004 mallet
1702 1968 1809 2015 quod

496 2027 694 2076 possessio
739 2040 811 2063 sua
856 2026 956 2063 foret
989 2026 1148 2062 Christo
1188 2025 1397 2074 proprium
1437 2026 1658 2061 secundum
1693 2037 1808 2061 suum
1828 2028 1868 2060 30

497 2087 660 2121 modum
696 2084 870 2121 habendi
904 2097 1024 2132 quan]
1059 2085 1168 2132 quod
1202 2084 1303 2120 foret
1346 2083 1419 2119 sibi
1453 2082 1686 2120 seculariter
1719 2095 1810 2130 pro-

495 2142 643 2191 prium.
697 2144 795 2179 Cum
844 2155 936 2189 ergo
982 2143 1124 2178 modus
1169 2140 1342 2178 habendi
1384 2141 1530 2178 Christi
1575 2141 1615 2176 in
1655 2139 1808 2177 cunctis

495 2200 641 2237 talibus
685 2200 734 2236 sit
777 2209 820 2236 ut
864 2200 935 2236 toti
981 2199 1147 2237 ecclesie
1191 2199 1269 2236 sint
1314 2198 1547 2235 communia
1591 2198 1809 2235 secundum

495 2258 811 2306 uniuscuiusque
858 2257 1092 2306 dignitatem
1140 2258 1272 2305 quoad
1306 2259 1447 2301 Deum,
1489 2256 1668 2304 sequitur
1701 2256 1810 2304 quod

497 2317 669 2364 perfecte
703 2316 870 2364 diligens
904 2315 985 2351 vult
1017 2314 1072 2352 sic
1106 2327 1199 2353 esse.
1234 2314 1274 2351 Si
1299 2314 1402 2351 enim
1429 2315 1517 2362 plus
1541 2327 1632 2350 arno
1649 2316 1808 2350 Petrum
1828 2314 1867 2348 35

497 2374 671 2411 amicum
708 2387 841 2410 meum
876 2373 915 2409 in
945 2372 1132 2410 omnibus
1166 2386 1286 2421 quam
1322 2385 1384 2409 me
1416 2371 1563 2422 ipsun]⁷
1597 2380 1690 2408 tunc
1723 2372 1811 2419 plus

496 2433 626 2480 placet
673 2431 793 2468 michi
841 2433 949 2480 quod
992 2431 1176 2467 voluntas
1221 2443 1292 2467 sua
1337 2429 1583 2467 consiliativa
1628 2438 1665 2466 et
1703 2430 1809 2477 quod

566 2597 600 2615 11.
617 2588 712 2615 Cod.:
734 2595 853 2614 amore.
926 2595 969 2622 27.
990 2586 1086 2614 debet.
1109 2586 1203 2614 Cod.:
1224 2587 1281 2620 de,·
1300 2594 1360 2613 non
1381 2586 1476 2613 deest.
1549 2584 1592 2620 37.
1609 2584 1700 2620 quod.
1716 2584 1810 2612 Cod.:

497 2631 598 2657 quamn

565 2717 597 2746 4.
625 2706 781 2738 Rectius:
808 2706 859 2737 De
886 2706 993 2737 modo
1018 2706 1106 2737 bene
1133 2705 1270 2736 vivendi
1299 2705 1421 2735 Sermo
1442 2703 1612 2734 XXXVII:
1643 2702 1737 2741 Quid
1762 2706 1813 2734 est

500 2762 602 2784 omne
630 2755 817 2793 peccatum
853 2751 921 2784 nisi
948 2751 1016 2784 Dei
1040 2755 1265 2792 contemptus
1296 2760 1364 2792 quo
1397 2751 1471 2782 eius
1497 2753 1696 2790 praecepta
1729 2758 1811 2781 con-

497 2798 818 2884 {gffiniimsgdsopp'
855 2808 931 2840 pag.
971 2796 1064 2830 1281.
1191 2798 1240 2830 15.
1272 2797 1412 2827 Rectius
1451 2806 1523 2837 cap.
1562 2795 1679 2835 XXIX,
1720 2795 1813 2836 Opp.

574 2869 579 2876 .
624 2854 670 2883 ‚1
728 2867 735 2875 .
