2050 3292
242 206 328 233 CAP.
351 196 490 252 xxva]
709 208 843 239 ilissnn
869 208 1077 239 TERrius.
1753 202 1831 249 647

241 314 462 362 proprium,
496 315 543 350 de
576 313 762 350 oracione
795 313 1064 350 elemosinarii
1096 314 1182 350 ficte
1207 314 1422 358 confidere,
1457 326 1545 349 cum

241 384 377 408 omnes
422 372 629 408 oraciones
676 371 812 407 mundi
857 384 935 407 non
970 380 1135 418 prosunt
1168 371 1237 406 nisi
1279 383 1322 407 ex
1355 370 1547 417 dignitate

242 429 370 465 meriti
414 429 473 465 sui
518 428 730 477 capacibus
775 437 812 464 et
854 428 919 464 ille
958 429 1025 476 qui
1065 429 1151 476 plus
1190 428 1338 465 fervide
1370 427 1547 463 imitatur

241 486 442 524 Christum
476 486 515 522 in
549 486 726 523 moribus
759 495 816 522 est
856 485 984 522 meriti
1020 485 1165 522 Christi
1206 494 1241 522 et
1274 486 1333 521 sui
1368 485 1546 532 corporis

209 544 387 581 §mistici
421 544 546 592 magis
579 556 714 592 capax,
748 545 796 579 Et
829 552 972 591 quarto
996 544 1088 591 quia
1113 543 1352 591 multiplicat
1375 542 1547 578 discolos

240 602 538 639 elemosinarios
572 601 638 649 qui
671 614 714 638 ex
746 601 1069 649 inproporcione‚
1103 601 1274 649 ypocrisi
1308 608 1344 637 et
1376 600 1545 636 aliorum

238 659 429 696 viciorum
464 659 674 707 generibus
706 660 940 707 perturbant
972 658 1275 706 rempublicam,
1309 667 1351 694 ut
1374 658 1547 694 ostendit

238 719 376 754 beatus
400 716 612 764 Gregorius
643 717 683 752 in
706 719 763 753 De
788 717 891 753 Cura
912 717 1117 762 Pastor-ali,
1152 717 1184 752 II
1209 716 1394 764 capitulo.
1427 716 1544 752 Tales

237 774 341 810 enim
400 774 748 811 circumveniendo
803 774 1071 810 scandalisant
1126 773 1339 822 simplices.
1410 774 1544 819 Nemo,

186 832 366 880 ioinquit
398 831 627 880 Gregorius,
671 832 838 881 amplius
880 832 916 867 in
960 832 1119 868 ecclesia
1162 839 1281 877 nocet,
1325 844 1437 880 quam
1483 830 1662 879 quiThosc
1687 847 1756 867 men
1783 848 1834 867 are

232 902 420 939 perverse
450 902 571 940 agens
603 890 715 926 habet
743 901 876 926 nomen
901 897 935 925 et
956 890 1128 925 ordinem
1152 890 1375 925 sanctitatis.
1410 889 1542 924 Delin-
1558 873 1833 936 dlfflgeertffissffgsvo

235 955 422 996 quentem‚
474 947 615 995 inquit,
669 948 767 983 hunc
812 948 1058 998 redarguere
1100 947 1228 983 nullus
1271 948 1385 982 audet
1429 954 1464 982 et
1507 946 1542 981 in
1599 942 1798 1005 gfitffgffitltthye

237 1005 455 1054 exemplum
495 1006 606 1054 culpa
639 1007 880 1042 vehementer
910 1005 1144 1051 extenditur,
1183 1006 1334 1053 quando
1362 1011 1544 1053 peccator
1636 1012 1753 1047 reality.

231 1075 307 1111 pro
340 1063 561 1099 reverencia
606 1063 754 1099 ordinis
797 1063 1027 1099 honoratur.
1079 1063 1192 1098 Tales
1229 1062 1326 1097 tanti
1357 1062 1544 1111 ponderis

184 1123 219 1154 15
230 1120 406 1169 pericula
418 1121 624 1170 sugerent,
647 1121 681 1156 si
702 1121 873 1157 veritatis
894 1120 1123 1156 sentenciam
1138 1120 1301 1156 sollicite
1314 1120 1543 1169 cogitarent,

242 1178 318 1222 Qui
346 1178 680 1225 scandalisaverit,
730 1191 859 1225 unum,
909 1177 1049 1227 inquit,
1100 1179 1145 1213 de
1178 1177 1331 1226 pusillis
1369 1177 1450 1212 istis
1481 1177 1545 1224 qui

235 1236 270 1271 in
303 1248 362 1271 me
394 1237 566 1281 credunt,
607 1236 762 1285 expedit
802 1237 836 1271 ei
872 1242 911 1272 ut
947 1236 1207 1284 suspendatur
1239 1236 1341 1270 mola
1373 1234 1542 1270 asinaria

117 1294 197 1327 260⁶
235 1294 270 1328 in
303 1294 443 1329 collum
476 1293 555 1329 eius
586 1301 621 1329 et
652 1295 906 1344 demergatur
933 1289 938 1345 Ι
967 1293 1002 1328 in
1030 1294 1272 1342 profundum
1307 1292 1439 1331 maris.
1471 1293 1543 1328 Per

236 1351 382 1387 molam
435 1352 580 1399 quippe
633 1351 845 1388 asinariam
892 1350 1082 1388 secularis
1129 1350 1206 1386 vite
1252 1349 1451 1386 cruciatus
1497 1361 1542 1385 ac

179 1421 219 1442 20
233 1409 347 1445 labor
398 1408 631 1456 exprimitur
682 1417 719 1446 et
781 1421 849 1457 per
900 1409 1140 1457 profundam
1195 1407 1315 1444 maris
1368 1416 1542 1443 extrema

234 1466 476 1513 dampnacio
508 1466 748 1514 designatur.
794 1466 871 1512 Qui
905 1479 996 1514 ergo
1029 1468 1078 1503 ad
1111 1465 1333 1502 sanctitatis
1366 1464 1539 1513 speciem

234 1525 426 1560 deductus
458 1525 519 1560 vel
549 1526 668 1561 verbo
702 1533 854 1561 ceteros
887 1524 1052 1561 destruit
1084 1524 1143 1560 vel
1174 1524 1366 1570 exemplo⁷
1402 1522 1541 1558 melius

234 1581 410 1629 profecto
443 1582 569 1618 fuerat
601 1590 643 1618 ut
675 1583 780 1618 hunc
812 1583 861 1618 ad
894 1591 1063 1618 mortem
1098 1582 1169 1618 sub
1202 1580 1371 1617 seculari
1404 1580 1540 1616 habitu

233 1648 389 1675 terrena
423 1648 510 1676 acta
543 1639 873 1688 constringerent,
908 1653 1025 1688 quam
1051 1641 1158 1688 quod
1191 1651 1304 1675 sacra
1336 1637 1469 1674 officia
1502 1637 1541 1673 in

178 1697 350 1745 25culpa
387 1697 546 1734 ruinosa
589 1697 822 1734 mutabilem
870 1698 1008 1735 ceteris
1048 1699 1381 1733 demonstrarent.
1436 1695 1538 1740 Quia

232 1754 420 1791 nimirum
462 1755 493 1792 si
526 1756 632 1792 solus
665 1757 834 1801 caderet,
873 1757 978 1792 hunc
1016 1763 1230 1803 utrumque
1262 1766 1364 1802 pena
1396 1752 1538 1790 inferni

232 1812 494 1849 tollerabilior
549 1813 756 1850 cruciaret.
815 1813 1074 1850 Considamus
1125 1824 1218 1860 ergo
1272 1813 1319 1848 de
1367 1810 1539 1859 propriis

231 1869 418 1918 operibus
434 1871 578 1908 nostris
596 1871 820 1914 meritoriis,
838 1871 1040 1919 diligendo
1055 1870 1256 1907 Christum
1274 1878 1311 1906 et
1327 1868 1536 1905 ecclesiam

231 1940 418 1976 sponsam
442 1941 568 1973 suam,
602 1930 901 1978 habeamusque
933 1928 1039 1977 ipsos
1063 1937 1099 1965 et
1125 1929 1305 1966 membra
1328 1939 1466 1964 eorum
1498 1926 1537 1961 in

176 1988 217 2019 30
232 1985 378 2034 cupida
417 1998 459 2022 ex
492 1987 684 2034 dignitate
724 1986 854 2023 meriti
887 1995 1066 2023 oratores
1099 1994 1135 2022 et
1166 1985 1221 2022 sic
1261 1983 1537 2033 perveniemus

231 2045 289 2088 ad,
313 2052 460 2080 statum
493 2044 533 2080 in
566 2058 644 2093 quo
677 2058 756 2081 non
784 2045 833 2081 sit
854 2056 1014 2082 necesse
1038 2043 1312 2092 procuratorie
1334 2042 1389 2079 sic
1411 2053 1537 2080 orare.

300 2211 340 2240 31.
361 2212 390 2240 iu
413 2213 540 2248 cupida;
562 2213 602 2240 ita
623 2213 691 2240 cod-

298 2294 329 2327 8.
358 2295 449 2337 Opp.
475 2302 561 2337 tom.
588 2296 626 2336 11,
653 2306 729 2337 pag.
756 2305 793 2336 43
827 2302 859 2327 et
891 2301 941 2327 est
974 2295 1050 2327 dist.
1076 2294 1129 2337 111,
1163 2304 1235 2335 cap.
1269 2295 1380 2325 Nemo
1407 2294 1536 2336 quippe

231 2351 326 2382 corp.
353 2342 415 2372 iur.
442 2351 516 2373 can.
