2050 3292
221 210 307 237 CAP.
330 200 455 253 xxiv]
687 211 821 242 LIBER
847 210 1056 242 TERTIUs.
1729 213 1808 252 543

218 317 273 354 sic
305 329 348 353 ex
380 317 497 353 oculo
541 328 712 364 nequam
747 317 980 352 tenebrante
1013 324 1138 351 totum
1181 328 1323 363 corpus
1357 328 1521 363 operum

220 375 369 411 malum
412 375 519 422 quod
563 373 644 421 agit
699 373 802 410 cedit
846 373 883 409 in
923 382 1079 409 tantum
1117 373 1175 409 vel
1209 372 1336 410 maius
1374 373 1523 409 malum

218 445 338 480 quam
384 431 562 475 credidit,
608 430 663 466 sic
709 431 747 466 in
792 432 962 467 habente
995 432 1156 467 oculum
1188 430 1410 478 simplicem
1442 438 1524 467 tarn

219 491 369 525 bonum
401 490 460 525 vel
493 488 620 525 maius
650 490 796 524 bonum
824 488 948 524 eciam
983 488 1132 524 malum
1165 489 1272 536 quod
1306 488 1397 535 agit,
1431 488 1524 536 quia

186 549 332 584 5R0m.
355 548 454 592 VIII,
489 547 540 584 28
590 545 754 584 dicitur:
797 546 1025 582 Timentibus
1057 546 1181 582 Deum
1228 547 1353 582 omnia
1392 558 1522 595 coope-

218 613 357 641 rantur
388 605 423 640 z'n
467 605 617 640 honum.
672 604 748 649 Qui
794 615 887 651 ergo
933 603 1058 639 credit
1102 616 1142 640 se
1175 616 1292 651 agere
1331 605 1435 639 bona
1468 603 1524 640 in-

217 662 401 698 tencione
434 670 585 698 rectum
618 674 717 709 opus
751 663 844 697 dum
879 670 1038 697 cecatur
1071 661 1302 709 ignorancia
1329 662 1524 708 dampna-

218 719 297 767 bili,
331 732 411 756 non
446 728 502 755 est
535 719 681 755 iustum
717 721 824 767 quod
857 727 1033 766 reportet
1064 719 1220 755 lucrum
1251 731 1294 754 ex
1317 718 1393 754 fide
1426 719 1523 755 falsa

217 787 255 814 et
288 777 390 815 ficta.
424 776 657 825 Ignorancia
690 776 850 824 quidem
885 776 1010 813 inficit
1042 777 1303 813 voluntatem.

151 839 178 869 N
275 837 351 872 Sed
390 836 613 872 notandum
647 836 753 882 quod
788 834 933 871 cecitas
966 834 1284 882 inseparabiliter
1321 833 1524 870 inducitur
1553 838 1607 876 Sin
1629 838 1655 877 is
1675 847 1690 865 u
1712 846 1802 864 cause

217 906 287 941 per
318 890 541 941 peccatum,
575 892 615 928 in
648 900 800 928 tanturn
836 893 943 940 quod
975 900 1134 928 sanctus
1168 892 1382 940 Apostolus
1405 892 1522 928 Rom.
1562 875 1594 900 of
1615 873 1783 901 blmdness.

215 951 315 997 VIII,
350 951 401 988 26
435 950 547 986 dicit:
588 950 690 994 Quid
722 962 888 995 oremus,
926 950 1024 986 sicut
1056 957 1220 999 oportet,
1254 949 1454 999 nescimus,
1488 958 1525 986 et

217 1009 366 1047 Eccles.
398 1009 465 1051 IX,
496 1019 533 1045 1:
580 1008 701 1044 Nemo
739 1008 809 1043 scit
841 1015 968 1043 utrum
1002 1019 1136 1043 amore
1174 1008 1233 1043 vel
1265 1007 1351 1043 odio
1385 1007 1526 1057 dignus

216 1067 276 1112 sit,
310 1075 346 1102 et
380 1067 501 1102 Math.
534 1066 669 1110 XXIV,
705 1065 757 1114 36
793 1064 957 1102 dicitur:
1004 1066 1064 1101 De
1108 1065 1167 1101 die
1199 1066 1265 1100 illa
1310 1077 1417 1101 nemo
1455 1065 1526 1101 scit

165 1126 333 1172 &neque
376 1124 509 1174 angeli
550 1124 733 1167 celorum,
781 1130 818 1159 et
850 1124 959 1159 Marc
1004 1123 1107 1170 XIII,
1142 1134 1192 1172 32
1240 1131 1349 1170 patet
1383 1123 1523 1159 eadem

216 1181 419 1218 sentencia
466 1182 573 1229 quod
618 1180 708 1217 licet
751 1189 843 1216 sunt
885 1180 979 1217 talia
1014 1180 1132 1216 saluti
1171 1180 1416 1228 pertinencia
1449 1193 1525 1228 que

217 1248 376 1287 oportet
407 1252 480 1275 nos
514 1238 679 1275 miseros
712 1238 915 1286 ignorare;
949 1238 1038 1274 ideo
1072 1238 1216 1275 dicitur
1245 1237 1524 1285 communiter,

217 1299 325 1346 quod
358 1297 499 1344 duplex
533 1304 589 1332 est
621 1295 866 1343 ignorancia,
913 1295 1066 1332 scilicet
1106 1295 1347 1332 invincibilis
1386 1304 1422 1331 et
1456 1308 1525 1343 per

218 1366 464 1403 consequens
498 1353 730 1390 excusabilis
769 1362 807 1391 et
838 1353 1071 1401 ignorancia
1104 1353 1372 1402 dampnabilis
1404 1366 1525 1401 quam

162 1424 203 1444 20
218 1412 379 1461 quidam
405 1421 548 1448 vocant
571 1424 744 1448 crassam
770 1420 806 1448 et
831 1411 1035 1459 supinam;
1070 1424 1203 1448 crassa
1235 1411 1329 1459 quia
1362 1407 1523 1463 sepuml

101 1470 180 1504 220‘1
217 1470 499 1518 temporalium
516 1469 752 1506 fluxibilium
789 1470 837 1505 ad
861 1478 1019 1506 tanturn
1042 1469 1250 1517 inpinguat
1272 1468 1523 1512 memoriam,

218 1540 294 1577 que
339 1536 396 1564 est
440 1536 573 1564 venter
618 1527 763 1573 anime,
811 1540 832 1563 a
878 1528 984 1563 dono
1028 1527 1197 1563 sciencie
1241 1526 1348 1575 quod
1387 1527 1525 1563 oculus

219 1585 359 1622 mentis
392 1598 473 1622 non
507 1585 653 1622 sufficit
686 1587 735 1621 ad
768 1586 888 1632 pedes
918 1584 1179 1621 affeccionum
1206 1585 1423 1630 attendere,
1457 1586 1525 1621 sed

218 1644 358 1691 supine
393 1643 655 1691 precipitatur
692 1643 732 1678 in
765 1643 919 1678 foveam
953 1651 1213 1690 peccatorum
1245 1642 1442 1690 impotens
1476 1644 1525 1679 ad

162 1702 475 1749 253urgendum.
516 1703 562 1737 Et
595 1709 704 1748 patet
737 1702 843 1748 quod
877 1700 951 1737 ista
985 1700 1218 1748 ignorancia
1250 1713 1331 1736 non
1366 1708 1525 1736 excusat

217 1760 285 1796 sed
318 1767 490 1795 accusat.
525 1758 760 1807 Ignorancia
792 1770 885 1794 vero
920 1758 1048 1805 prima
1081 1771 1163 1794 non
1197 1766 1355 1794 excusat
1389 1771 1410 1794 a
1434 1770 1525 1805 pec-

219 1825 307 1853 cato
340 1816 498 1863 veniali,
547 1818 641 1852 dum
688 1817 876 1864 ignorans
921 1816 960 1851 in
1008 1815 1174 1852 minimo
1208 1815 1342 1852 deficit
1375 1817 1423 1852 ab
1457 1815 1525 1851 illo

219 1875 327 1911 cultu
360 1886 476 1922 quem
511 1875 681 1911 solveret
713 1874 753 1909 in
785 1882 891 1909 statu
924 1873 1169 1912 innocencie.
1222 1874 1273 1909 Et
1311 1886 1381 1921 per
1419 1873 1524 1910 idern

217 1932 373 1969 videtur
418 1934 526 1980 quod
570 1932 628 1968 ira
673 1931 967 1979 quantumlibet
1010 1931 1104 1967 levis
1138 1944 1181 1967 ex
1214 1931 1412 1979 passione,
1445 1944 1526 1967 non
1586 1947 1763 1973 Passionate

163 1989 281 2038 3opia
325 1989 553 2026 intencione
598 1988 755 2026 colendi
787 1991 915 2025 Deum
955 1998 992 2025 et
1032 1989 1244 2025 edificandi
1284 1988 1525 2037 proximum,
1585 1981 1768 2044 riss'iiailigin'

218 2047 266 2084 sit
310 2048 491 2091 mortale,
537 2047 629 2095 quia
674 2059 746 2083 nec
779 2046 1012 2094 ignorancia
1044 2059 1116 2083 nec
1154 2046 1344 2094 fragilitas
1377 2046 1432 2083 sic
1465 2059 1526 2082 ex-

218 2114 343 2150 cusat,
413 2117 502 2141 cum
556 2114 650 2141 tunc
714 2112 940 2152 reportaret
994 2106 1115 2141 homo
1169 2106 1429 2141 commodum
1483 2117 1527 2141 ex

218 2171 397 2213 peccato,
430 2163 524 2211 quia
557 2163 597 2198 in
630 2171 734 2199 statu
760 2162 994 2199 innocencie
1036 2175 1108 2210 pro
1142 2162 1321 2210 quolibet
1359 2170 1525 2210 peccato

218 2220 448 2257 huiusmodi
484 2229 727 2267 moreretur;
774 2232 886 2256 mora
918 2220 1052 2268 itaque
1086 2220 1126 2256 in
1159 2220 1218 2256 ira
1251 2228 1388 2268 gravat
1422 2232 1526 2256 rnor-

162 2283 201 2316 35
218 2278 308 2325 tale,
355 2279 423 2314 sed
456 2278 626 2314 brevitas
659 2277 834 2314 eiusdem
877 2290 987 2314 more
1019 2290 1101 2314 non
1135 2287 1293 2314 excusat
1326 2277 1526 2314 servitutis

217 2349 238 2372 a
284 2336 456 2380 mortali,
510 2336 603 2384 quia
647 2344 742 2371 tunc
788 2348 898 2371 mora
942 2335 1193 2372 instantanea
1236 2344 1324 2383 post
1370 2348 1523 2371 moram

190 2394 435 2430 -notabilem
469 2393 733 2441 temporalem
764 2402 933 2430 verteret
965 2392 1005 2429 in
1040 2394 1206 2429 mortale
1239 2394 1348 2441 quod
1370 2393 1527 2429 videtur

218 2451 511 2497 irracionabile,
529 2464 618 2488 cum
644 2463 756 2487 mora
773 2450 1000 2487 diuturnior
1024 2452 1112 2499 plus
1136 2459 1328 2499 gravaret.
1353 2451 1526 2496 Quando

218 2522 311 2557 ergo
344 2518 402 2546 est
435 2521 650 2546 consensus
685 2508 856 2545 racionis
895 2508 935 2544 in
968 2508 1185 2557 quicquam
1220 2508 1419 2545 mandatis
1452 2508 1525 2545 Dei

158 2582 203 2612 40
218 2567 479 2614 contrarium,
522 2567 624 2603 sicut
669 2574 725 2602 est
758 2566 797 2601 in
831 2566 1010 2614 quolibet
1041 2565 1377 2603 irracionabiliter
1409 2566 1524 2612 irato,

217 2633 405 2672 peccatur
440 2624 675 2670 mortaliter,
710 2624 803 2672 quia
836 2623 966 2660 omnis
1000 2623 1091 2660 talis
1125 2623 1231 2660 cadit
1259 2637 1281 2660 a
1305 2623 1526 2661 dileccione

216 2682 350 2719 debita
385 2681 554 2731 proximi
587 2681 628 2718 in
661 2695 740 2730 qua
764 2690 1022 2718 consumatur
1046 2690 1083 2719 et
1105 2681 1350 2718 instauratur
1374 2678 1523 2734 tocius}

285 2814 327 2842 35.
347 2816 522 2848 servitutis‚·
541 2815 581 2842 ita
602 2816 671 2842 cod.
