2050 3292
246 205 334 233 CAP.
356 194 454 247 xlx]
712 207 849 238 LIBER
874 205 1084 237 TERTIUS.

245 313 313 362 qui
356 312 499 349 vellent
542 323 701 347 manere
733 325 866 349 secum
915 310 1186 358 collegialiter,
1234 318 1275 345 ut
1320 309 1374 345 sic
1422 317 1553 356 posset

246 369 544 418 diligenciorem
578 382 714 405 curam
748 371 828 406 suis
852 369 940 405 filiis
972 367 1242 417 spiritualibus
1277 366 1480 416 adhibere,
1516 375 1553 402 et

245 428 310 465 alii
355 426 487 464 clerici
531 426 597 475 qui
640 428 791 464 nollent
834 427 889 463 sic
933 426 1060 463 vivere
1105 425 1341 461 ordinentur
1381 426 1429 461 ab
1466 423 1552 460 aliis

247 485 456 534 episcopis,
510 486 587 520 Sed
620 493 748 522 stante
782 484 1055 533 descripcione
1090 483 1222 520 clerici
1257 484 1350 519 data
1384 483 1432 518 ab
1468 482 1554 529 ipso

214 548 283 580 §et
328 544 443 579 beato
475 542 678 578 Jeronimo
724 543 891 579 mutavit
937 555 979 578 ex
1013 554 1133 578 causa
1177 539 1412 577 racionabili
1458 540 1555 575 illud

247 601 478 647 consilium3
513 600 734 648 descripcio
764 601 926 649 quidem
961 599 1094 636 clerici
1127 611 1206 635 non
1242 607 1299 634 est
1331 599 1552 634 humanum

248 658 458 695 eonsilium
499 659 567 694 sed
601 657 794 694 diffinicio
829 658 961 694 divina
995 669 1085 694 cum
1119 670 1200 705 qua
1247 669 1328 692 non
1360 655 1452 692 licet
1487 657 1556 691 ho—

248 716 343 752 mini
378 716 620 764 dispensare.
654 716 789 752 Voluit
822 716 942 764 igitur
966 714 1040 752 iste
1072 723 1233 751 sanctus
1257 721 1348 762 post
1370 713 1556 750 ordinare

247 773 516 810 indifferenter
569 773 745 819 clericos,
792 774 871 811 sive
921 772 1088 809 vixerint
1131 772 1254 809 vitam
1309 771 1556 819 collegialem

196 847 232 866 ιο
247 832 327 868 sive
362 830 625 868 monasticam
651 831 691 867 in
715 840 951 880 paupertate
986 829 1215 877 evangelica
1248 831 1439 866 habentes
1473 842 1557 865 om-

247 890 312 926 nia
335 889 375 925 in
400 889 617 937 communi,
650 889 729 925 sive
753 898 841 937 post
874 888 1057 925 ordinem
1093 887 1306 924 clericatus
1340 887 1557 923 exciderint

247 947 465 995 ypocritice
498 948 546 983 ab
579 946 654 983 ista
687 948 843 995 regula3
889 954 1055 994 possunt
1090 946 1195 982 enim
1230 945 1413 981 homines
1446 956 1558 992 aper-

248 1005 400 1041 tissime
433 1017 516 1041 esse
549 1004 853 1053 exproprietarii
887 1004 926 1040 in
948 1003 1027 1040 vita
1061 1003 1297 1049 monastica,
1322 1002 1423 1038 sicut
1447 1010 1558 1050 patet

249 1064 296 1099 de
329 1062 508 1111 Baptista
542 1075 632 1099 curn
666 1062 801 1098 multis
847 1061 994 1098 sanctis
1027 1060 1232 1097 heremitis
1266 1069 1302 1096 et
1336 1060 1558 1106 monachis,

196 1123 230 1155 15
248 1120 349 1156 sicut
381 1129 471 1157 sunt
504 1121 652 1157 rurales
677 1119 886 1168 presbiteri
909 1128 945 1155 et
969 1119 1107 1155 curati.
1140 1118 1179 1155 si
1204 1127 1336 1155 autem
1362 1117 1559 1154 voluerint

249 1180 395 1215 habere
428 1177 592 1226 propria
626 1187 822 1226 quantum
857 1177 906 1214 ad
939 1176 1183 1220 civilitatem,
1225 1185 1321 1212 tunc
1355 1189 1435 1212 non
1469 1184 1559 1211 sunt

248 1249 346 1284 pure
380 1236 514 1273 clerici
539 1236 606 1273 sed
630 1236 899 1273 claudicantes
924 1234 1070 1283 partim
1106 1233 1298 1270 mundani
1333 1242 1369 1269 et
1401 1233 1558 1280 ypocri-

248 1294 324 1330 tice
359 1293 510 1341 clerici3
558 1305 631 1330 nec
664 1293 828 1330 dubium
862 1292 1091 1340 respicienti
1133 1292 1285 1328 dictum
1332 1303 1558 1327 sermonem

248 1351 471 1400 Augustini,
517 1351 613 1400 quin
646 1351 695 1388 sit
727 1350 966 1388 intencionis
1007 1363 1075 1386 sue
1109 1349 1350 1386 confirmare
1384 1349 1560 1396 descrip-

193 1422 234 1443 20
250 1409 405 1446 cionem
458 1410 593 1446 datam
640 1411 687 1445 de
721 1409 880 1452 clerico,
935 1421 1023 1444 cum
1078 1415 1367 1456 consequenter
1420 1408 1559 1443 eodem

248 1479 433 1505 sermone
465 1476 580 1504 vocat
613 1467 779 1503 clericos
812 1467 987 1503 volentes
1019 1466 1149 1503 vivere
1198 1465 1254 1502 sic
1293 1464 1560 1513 proprietarie

248 1525 462 1573 ypocritas,
488 1534 526 1561 et
557 1537 627 1573 per
660 1537 907 1573 consequens
934 1525 1121 1560 cadentes
1145 1536 1167 1560 a
1189 1522 1398 1572 proposito
1422 1530 1561 1558 vocate

137 1585 211 1618 162⁸
248 1583 507 1631 professionis
540 1591 632 1619 sunt
664 1582 783 1618 nimis
818 1590 1019 1630 apostate:
1065 1582 1180 1628 Novi,
1214 1576 1500 1632 inquit,lqzcod
1530 1580 1564 1615 si

250 1641 412 1689 aliquem
438 1641 507 1678 hoc
526 1641 739 1689 facientem
765 1641 991 1690 degradare
1023 1640 1195 1684 voluero,
1230 1651 1302 1674 non
1336 1638 1371 1674 ei
1401 1638 1563 1674 deerunt

193 1701 232 1732 25
248 1699 535 1749 suffragatores
558 1706 593 1734 et
611 1699 773 1747 patroni
793 1698 912 1734 eciam
936 1705 1029 1746 aput
1052 1697 1262 1746 episcopos,
1296 1698 1344 1732 Et
1362 1695 1561 1744 sequitur:

255 1757 427 1792 Clericus
454 1756 662 1806 professus
695 1763 749 1792 est
780 1756 1035 1801 sanctitatem,
1066 1756 1272 1804 professus
1304 1761 1358 1789 est
1391 1765 1561 1789 commu-

250 1814 349 1850 niter
382 1815 536 1850 vivendi
564 1814 797 1851 societatem.
851 1813 894 1848 Si
923 1825 944 1847 a
978 1814 1142 1848 secundo
1188 1811 1334 1857 cecidit,
1382 1811 1563 1846 dimidius

250 1872 397 1918 cecidit,
430 1872 463 1908 si
494 1879 618 1907 autem
643 1884 664 1907 a
687 1871 901 1917 sanctitate,
936 1878 1037 1906 totus
1069 1870 1215 1906 cecidit.
1250 1872 1298 1905 Et
1321 1880 1507 1905 sermone
1532 1870 1561 1903 ΙΙ

251 1938 339 1977 post
371 1929 588 1966 declaravit
620 1930 726 1977 quod
751 1938 807 1965 est
832 1930 879 1964 de
902 1928 1062 1964 racione
1097 1926 1229 1964 clerici
1255 1928 1401 1963 habere
1424 1925 1562 1962 omnia

195 1987 290 2023 'Aoin
312 1987 517 2023 communi
542 2000 583 2023 ex
607 1987 804 2035 scriptura
820 1988 908 2022 Act.
926 1987 987 2032 IV,
1023 1998 1096 2034 313
1122 1995 1158 2022 et
1183 1984 1386 2021 concludit
1401 1984 1441 2020 in
1466 1984 1562 2020 fine:

257 2045 333 2088 Qui
366 2045 529 2081 voluerit
568 2045 722 2088 habere,
765 2056 908 2094 parum
942 2051 996 2079 est
1030 2051 1068 2078 ut
1101 2043 1248 2081 dicam:
1294 2055 1367 2079 non
1415 2054 1561 2078 mecum

252 2103 426 2148 manebit,
467 2104 535 2139 sed
566 2102 729 2139 clericus
760 2115 833 2138 non
867 2102 950 2139 erit.
1004 2102 1080 2137 Ista
1114 2114 1194 2137 non
1229 2109 1320 2136 sunt
1353 2101 1469 2136 verba
1501 2112 1561 2136 re-

251 2161 454 2197 vocatoria
488 2159 775 2208 descripcionis
809 2161 899 2195 date
923 2160 970 2196 de
1004 2158 1162 2195 clerico.
1198 2159 1245 2194 Et
1279 2158 1319 2193 in
1353 2157 1429 2194 fine
1463 2157 1561 2194 reci-

251 2219 373 2254 tando
407 2231 531 2266 quare
576 2217 789 2254 inmutavit
835 2216 1047 2253 consilium
1081 2216 1136 2252 sic
1170 2214 1394 2252 concludit:
1447 2215 1561 2259 Quis-

196 2276 333 2324 35quis
365 2276 539 2311 inventus
561 2275 691 2323 fuerit
736 2275 876 2311 liabens
904 2274 1128 2323 proprium,
1173 2285 1245 2309 non
1282 2273 1340 2308 illi
1377 2272 1562 2321 permitto

251 2341 291 2369 ut
335 2333 421 2369 inde
454 2333 583 2381 faciat
628 2339 911 2378 testamentum,
959 2332 1027 2367 sed
1071 2331 1202 2367 delebo
1239 2343 1322 2366 eum
1358 2330 1403 2366 de
1433 2330 1563 2365 tabula

198 2412 201 2415 ᾗ
251 2391 494 2427 clericorum.
549 2389 670 2427 Scivit
721 2389 825 2426 enim
871 2389 942 2425 iste
995 2398 1158 2425 sanctus
1213 2389 1322 2436 quod
1367 2387 1564 2423 Dominus

251 2449 422 2485 auferret
474 2447 704 2485 huiusmodi
758 2446 1025 2495 proprietario
1086 2445 1319 2483 clericatum
1375 2444 1565 2493 quicquid

253 2507 437 2543 doctores
471 2518 671 2543 canonum
705 2504 1023 2552 sompniaverint
1058 2503 1098 2540 in
1131 2504 1205 2540 hac
1243 2511 1368 2551 parte.

324 2682 366 2703 22.
389 2675 485 2702 Cod.:
509 2674 620 2702 vocati.
717 2672 762 2701 30.
784 2673 879 2700 Cod.:
902 2675 930 2700 et
950 2672 1044 2699 deest.

323 2760 375 2791 23.
402 2759 447 2791 St.
475 2757 658 2800 Augustini
686 2758 808 2788 Sermo
845 2755 1027 2794 CCCLVI,
1063 2754 1156 2795 Opp.
1192 2758 1264 2784 tom
1294 2754 1334 2792 V,
1362 2763 1438 2794 pag.
1471 2751 1566 2785 1383.

253 2805 305 2837 30.
332 2804 377 2837 lb.
416 2814 494 2847 pag.
537 2803 631 2844 1384.
729 2804 781 2835 31.
815 2802 862 2835 lb.
900 2811 979 2843 pag.
1015 2802 1112 2843 1390.
1210 2800 1261 2839 34.
1289 2799 1336 2833 lb.
1362 2809 1440 2841 pag.
1471 2799 1567 2841 1390.

311 2858 364 2886 ⁴De
386 2858 477 2887 Civili
496 2857 644 2886 Dominio
666 2856 717 2884 111.
1390 2855 1430 2888 26

1759 211 1836 247 401
