<?xml version="1.0" encoding="UTF-8"?>
<!DOCTYPE html PUBLIC "-//W3C//DTD XHTML 1.0 Transitional//EN"
    "http://www.w3.org/TR/xhtml1/DTD/xhtml1-transitional.dtd">
<html xmlns="http://www.w3.org/1999/xhtml" xml:lang="en" lang="en">
 <head>
  <title>
</title>
<meta http-equiv="Content-Type" content="text/html;charset=utf-8" />
  <meta name='ocr-system' content='tesseract 3.04.00' />
  <meta name='ocr-capabilities' content='ocr_page ocr_carea ocr_par ocr_line ocrx_word'/>
</head>
<body>
  <div class='ocr_page' id='page_1' title='image "./decivilidominio04wycl_0126.png"; bbox 0 0 2050 3292; ppageno 0'>
   <div class='ocr_carea' id='block_1_1' title="bbox 206 220 286 269">
    <p class='ocr_par' dir='ltr' id='par_1_1' title="bbox 206 220 286 269">
     <span class='ocr_line' id='line_1_1' title="bbox 206 220 286 269; baseline 0.013 -1"><span class='ocrx_word' id='word_1_1' title='bbox 206 220 286 269; x_wconf 77' lang='lat'>476</span> 
     </span>
    </p>
   </div>
   <div class='ocr_carea' id='block_1_2' title="bbox 222 514 460 681">
    <p class='ocr_par' dir='ltr' id='par_1_2' title="bbox 222 514 460 681">
     <span class='ocr_line' id='line_1_2' title="bbox 237 514 442 542; baseline 0 0"><span class='ocrx_word' id='word_1_2' title='bbox 237 514 442 542; x_wconf 86' lang='lat' dir='ltr'>Endowment</span> 
     </span>
     <span class='ocr_line' id='line_1_3' title="bbox 263 550 401 585; baseline 0.007 -10"><span class='ocrx_word' id='word_1_3' title='bbox 263 550 401 585; x_wconf 86' lang='lat' dir='ltr'>wrongly</span> 
     </span>
     <span class='ocr_line' id='line_1_4' title="bbox 222 584 460 619; baseline 0.004 -9"><span class='ocrx_word' id='word_1_4' title='bbox 222 584 353 619; x_wconf 81' lang='lat' dir='ltr'>thought</span> <span class='ocrx_word' id='word_1_5' title='bbox 373 589 402 611; x_wconf 81' lang='lat' dir='ltr'>to</span> <span class='ocrx_word' id='word_1_6' title='bbox 424 584 460 611; x_wconf 88' lang='lat' dir='ltr'>be</span> 
     </span>
     <span class='ocr_line' id='line_1_5' title="bbox 247 619 432 646; baseline 0 -1"><span class='ocrx_word' id='word_1_7' title='bbox 247 619 341 646; x_wconf 86' lang='lat' dir='ltr'>better</span> <span class='ocrx_word' id='word_1_8' title='bbox 361 619 432 646; x_wconf 81' lang='lat' dir='ltr'>than</span> 
     </span>
     <span class='ocr_line' id='line_1_6' title="bbox 238 654 434 681; baseline 0 -1"><span class='ocrx_word' id='word_1_9' title='bbox 238 654 327 681; x_wconf 86' lang='lat' dir='ltr'>other</span> <span class='ocrx_word' id='word_1_10' title='bbox 346 654 434 680; x_wconf 88' lang='lat' dir='ltr'>alms.</span> 
     </span>
    </p>
   </div>
   <div class='ocr_carea' id='block_1_3' title="bbox 199 1437 472 1501">
    <p class='ocr_par' dir='ltr' id='par_1_3' title="bbox 199 1437 472 1501">
     <span class='ocr_line' id='line_1_7' title="bbox 209 1437 472 1474; baseline 0.004 -9"><span class='ocrx_word' id='word_1_11' title='bbox 209 1437 320 1465; x_wconf 88' lang='lat' dir='ltr'>Undue</span> <span class='ocrx_word' id='word_1_12' title='bbox 340 1439 472 1474; x_wconf 85' lang='lat' dir='ltr'>heaping</span> 
     </span>
     <span class='ocr_line' id='line_1_8' title="bbox 199 1473 471 1501; baseline 0.007 -2"><span class='ocrx_word' id='word_1_13' title='bbox 199 1473 351 1500; x_wconf 83' lang='lat' dir='ltr'>oswealth</span> <span class='ocrx_word' id='word_1_14' title='bbox 367 1474 471 1501; x_wconf 86' lang='lat' dir='ltr'>makes</span> 
     </span>
    </p>
   </div>
   <div class='ocr_carea' id='block_1_4' title="bbox 267 1507 395 1535">
    <p class='ocr_par' dir='ltr' id='par_1_4' title="bbox 267 1507 395 1535">
     <span class='ocr_line' id='line_1_9' title="bbox 267 1507 395 1535; baseline 0.008 -1"><span class='ocrx_word' id='word_1_15' title='bbox 267 1507 395 1535; x_wconf 81' lang='lat' dir='ltr'>thieves.</span> 
     </span>
    </p>
   </div>
   <div class='ocr_carea' id='block_1_5' title="bbox 917 215 1799 270">
    <p class='ocr_par' dir='ltr' id='par_1_5' title="bbox 917 215 1799 270">
     <span class='ocr_line' id='line_1_10' title="bbox 917 215 1799 270; baseline -0.009 -10"><span class='ocrx_word' id='word_1_16' title='bbox 917 228 974 260; x_wconf 83' lang='lat' dir='ltr'>DE</span> <span class='ocrx_word' id='word_1_17' title='bbox 1002 227 1137 260; x_wconf 81' lang='lat' dir='ltr'>civ1L1</span> <span class='ocrx_word' id='word_1_18' title='bbox 1166 228 1374 260; x_wconf 61' lang='grc' dir='ltr'><strong>ΒΟΜΙΝΙΟ.</strong></span> <span class='ocrx_word' id='word_1_19' title='bbox 1569 215 1686 270; x_wconf 72' lang='lat' dir='ltr'>[CAP.</span> <span class='ocrx_word' id='word_1_20' title='bbox 1707 226 1799 253; x_wconf 81' lang='lat' dir='ltr'>xxu.</span> 
     </span>
    </p>
   </div>
   <div class='ocr_carea' id='block_1_6' title="bbox 479 333 1922 2522">
    <p class='ocr_par' dir='ltr' id='par_1_6' title="bbox 491 333 1801 499">
     <span class='ocr_line' id='line_1_11' title="bbox 493 333 1801 381; baseline -0.001 -10"><span class='ocrx_word' id='word_1_21' title='bbox 493 337 540 371; x_wconf 90' lang='lat' dir='ltr'>Et</span> <span class='ocrx_word' id='word_1_22' title='bbox 562 334 593 371; x_wconf 90' lang='lat' dir='ltr'>si</span> <span class='ocrx_word' id='word_1_23' title='bbox 627 334 701 371; x_wconf 87' lang='lat' dir='ltr'>ista</span> <span class='ocrx_word' id='word_1_24' title='bbox 717 334 918 371; x_wconf 80' lang='lat' dir='ltr'>sentencia</span> <span class='ocrx_word' id='word_1_25' title='bbox 942 334 1139 371; x_wconf 85' lang='lat' dir='ltr'>catholica</span> <span class='ocrx_word' id='word_1_26' title='bbox 1162 333 1279 370; x_wconf 89' lang='lat' dir='ltr'>fuerit</span> <span class='ocrx_word' id='word_1_27' title='bbox 1312 333 1443 370; x_wconf 87' lang='lat' dir='ltr'>debite</span> <span class='ocrx_word' id='word_1_28' title='bbox 1475 333 1681 381; x_wconf 88' lang='lat' dir='ltr'>predicata</span> <span class='ocrx_word' id='word_1_29' title='bbox 1704 333 1801 371; x_wconf 89' lang='lat' dir='ltr'>divi-</span> 
     </span>
     <span class='ocr_line' id='line_1_12' title="bbox 492 392 1801 442; baseline 0 -13"><span class='ocrx_word' id='word_1_30' title='bbox 492 393 610 442; x_wconf 80' lang='lat' dir='ltr'>tibus,</span> <span class='ocrx_word' id='word_1_31' title='bbox 670 394 789 429; x_wconf 90' lang='lat' dir='ltr'>credo</span> <span class='ocrx_word' id='word_1_32' title='bbox 843 393 951 440; x_wconf 91' lang='lat' dir='ltr'>quod</span> <span class='ocrx_word' id='word_1_33' title='bbox 1003 392 1136 429; x_wconf 72' lang='lat' dir='ltr'>cler-ici</span> <span class='ocrx_word' id='word_1_34' title='bbox 1180 392 1306 428; x_wconf 86' lang='lat' dir='ltr'>nostri</span> <span class='ocrx_word' id='word_1_35' title='bbox 1343 405 1424 428; x_wconf 90' lang='lat' dir='ltr'>non</span> <span class='ocrx_word' id='word_1_36' title='bbox 1462 401 1543 428; x_wconf 89' lang='lat' dir='ltr'>tam</span> <span class='ocrx_word' id='word_1_37' title='bbox 1605 404 1801 429; x_wconf 83' lang='lat' dir='ltr'>venenose</span> 
     </span>
     <span class='ocr_line' id='line_1_13' title="bbox 491 450 1135 499; baseline 0 -12"><span class='ocrx_word' id='word_1_38' title='bbox 491 458 789 499; x_wconf 86' lang='lat' dir='ltr'>apostemarent</span> <span class='ocrx_word' id='word_1_39' title='bbox 820 452 925 486; x_wconf 88' lang='lat' dir='ltr'>bona</span> <span class='ocrx_word' id='word_1_40' title='bbox 958 450 1135 488; x_wconf 85' lang='lat' dir='ltr'>ecclesie.</span> 
     </span>
    </p>

    <p class='ocr_par' dir='ltr' id='par_1_7' title="bbox 490 504 1922 962">
     <span class='ocr_line' id='line_1_14' title="bbox 550 504 1922 561; baseline -0.003 -16"><span class='ocrx_word' id='word_1_41' title='bbox 550 510 688 545; x_wconf 87' lang='lat' dir='ltr'>Sextus</span> <span class='ocrx_word' id='word_1_42' title='bbox 740 504 959 561; x_wconf 62' lang='lat' dir='ltr'>errorffest</span> <span class='ocrx_word' id='word_1_43' title='bbox 1011 509 1119 556; x_wconf 88' lang='lat' dir='ltr'>quod</span> <span class='ocrx_word' id='word_1_44' title='bbox 1172 507 1386 544; x_wconf 85' lang='lat' dir='ltr'>elemosine</span> <span class='ocrx_word' id='word_1_45' title='bbox 1428 515 1566 544; x_wconf 86' lang='lat' dir='ltr'>vocate</span> <span class='ocrx_word' id='word_1_46' title='bbox 1609 517 1801 556; x_wconf 87' lang='lat' dir='ltr'>perpetue</span> <span class='ocrx_word' id='word_1_47' title='bbox 1845 510 1922 553; x_wconf 67' lang='grc' dir='ltr'>193Β</span> 
     </span>
     <span class='ocr_line' id='line_1_15' title="bbox 493 556 1872 603; baseline 0.001 -1"><span class='ocrx_word' id='word_1_48' title='bbox 493 566 678 603; x_wconf 86' lang='lat' dir='ltr'>humanis</span> <span class='ocrx_word' id='word_1_49' title='bbox 723 566 1079 603; x_wconf 84' lang='lat' dir='ltr'>adinvencionibus</span> <span class='ocrx_word' id='word_1_50' title='bbox 1123 565 1360 602; x_wconf 85' lang='lat' dir='ltr'>confirmate</span> <span class='ocrx_word' id='word_1_51' title='bbox 1405 573 1496 601; x_wconf 91' lang='lat' dir='ltr'>sunt</span> <span class='ocrx_word' id='word_1_52' title='bbox 1535 578 1580 601; x_wconf 89' lang='lat' dir='ltr'>eo</span> <span class='ocrx_word' id='word_1_53' title='bbox 1629 565 1800 603; x_wconf 87' lang='lat' dir='ltr'>maiores</span> <span class='ocrx_word' id='word_1_54' title='bbox 1840 556 1872 595; x_wconf 82' lang='lat' dir='ltr'>Q</span> 
     </span>
     <span class='ocr_line' id='line_1_16' title="bbox 492 623 1799 672; baseline 0 -12"><span class='ocrx_word' id='word_1_55' title='bbox 492 637 571 672; x_wconf 92' lang='lat' dir='ltr'>quo</span> <span class='ocrx_word' id='word_1_56' title='bbox 605 624 876 660; x_wconf 84' lang='lat' dir='ltr'>diuturniores</span> <span class='ocrx_word' id='word_1_57' title='bbox 908 637 1027 671; x_wconf 83' lang='lat' dir='ltr'>quam</span> <span class='ocrx_word' id='word_1_58' title='bbox 1075 623 1150 660; x_wconf 89' lang='lat' dir='ltr'>alie</span> <span class='ocrx_word' id='word_1_59' title='bbox 1187 623 1428 670; x_wconf 82' lang='lat' dir='ltr'>temporales</span> <span class='ocrx_word' id='word_1_60' title='bbox 1466 623 1680 660; x_wconf 85' lang='lat' dir='ltr'>elemosine</span> <span class='ocrx_word' id='word_1_61' title='bbox 1713 625 1799 660; x_wconf 89' lang='lat' dir='ltr'>bre-</span> 
     </span>
     <span class='ocr_line' id='line_1_17' title="bbox 490 680 1800 730; baseline 0 -12"><span class='ocrx_word' id='word_1_62' title='bbox 490 681 638 728; x_wconf 89' lang='lat' dir='ltr'>viores;</span> <span class='ocrx_word' id='word_1_63' title='bbox 683 691 792 730; x_wconf 89' lang='lat' dir='ltr'>patet</span> <span class='ocrx_word' id='word_1_64' title='bbox 835 695 948 719; x_wconf 88' lang='lat' dir='ltr'>error</span> <span class='ocrx_word' id='word_1_65' title='bbox 980 693 1024 718; x_wconf 88' lang='lat' dir='ltr'>ex</span> <span class='ocrx_word' id='word_1_66' title='bbox 1056 680 1253 730; x_wconf 81' lang='lat' dir='ltr'>proximo,</span> <span class='ocrx_word' id='word_1_67' title='bbox 1300 693 1387 716; x_wconf 90' lang='lat' dir='ltr'>cum</span> <span class='ocrx_word' id='word_1_68' title='bbox 1430 693 1543 717; x_wconf 88' lang='lat' dir='ltr'>amor</span> <span class='ocrx_word' id='word_1_69' title='bbox 1575 681 1625 717; x_wconf 87' lang='lat' dir='ltr'>sit</span> <span class='ocrx_word' id='word_1_70' title='bbox 1657 694 1727 729; x_wconf 90' lang='lat' dir='ltr'>per</span> <span class='ocrx_word' id='word_1_71' title='bbox 1760 694 1800 718; x_wconf 88' lang='lat' dir='ltr'>se</span> 
     </span>
     <span class='ocr_line' id='line_1_18' title="bbox 492 739 1799 788; baseline 0 -12"><span class='ocrx_word' id='word_1_72' title='bbox 492 752 609 776; x_wconf 90' lang='lat' dir='ltr'>causa</span> <span class='ocrx_word' id='word_1_73' title='bbox 634 739 922 788; x_wconf 79' lang='lat' dir='ltr'>magnitudinis</span> <span class='ocrx_word' id='word_1_74' title='bbox 945 739 1173 785; x_wconf 80' lang='lat' dir='ltr'>elemosine,</span> <span class='ocrx_word' id='word_1_75' title='bbox 1206 751 1343 787; x_wconf 87' lang='lat' dir='ltr'>ymmo</span> <span class='ocrx_word' id='word_1_76' title='bbox 1368 751 1411 775; x_wconf 86' lang='lat' dir='ltr'>ex</span> <span class='ocrx_word' id='word_1_77' title='bbox 1434 751 1554 775; x_wconf 90' lang='lat' dir='ltr'>causa</span> <span class='ocrx_word' id='word_1_78' title='bbox 1589 739 1799 787; x_wconf 84' lang='lat' dir='ltr'>multiplici</span> 
     </span>
     <span class='ocr_line' id='line_1_19' title="bbox 492 796 1799 845; baseline 0.001 -12"><span class='ocrx_word' id='word_1_79' title='bbox 492 797 761 834; x_wconf 87' lang='lat' dir='ltr'>communiter</span> <span class='ocrx_word' id='word_1_80' title='bbox 805 797 1001 845; x_wconf 89' lang='lat' dir='ltr'>contingit</span> <span class='ocrx_word' id='word_1_81' title='bbox 1044 796 1287 845; x_wconf 88' lang='lat' dir='ltr'>oppositum,</span> <span class='ocrx_word' id='word_1_82' title='bbox 1332 808 1425 832; x_wconf 87' lang='lat' dir='ltr'>nam</span> <span class='ocrx_word' id='word_1_83' title='bbox 1458 796 1670 833; x_wconf 86' lang='lat' dir='ltr'>fundantes</span> <span class='ocrx_word' id='word_1_84' title='bbox 1701 798 1799 834; x_wconf 85' lang='lat' dir='ltr'>tales</span> 
     </span>
     <span class='ocr_line' id='line_1_20' title="bbox 492 853 1857 903; baseline -0.003 -11"><span class='ocrx_word' id='word_1_85' title='bbox 492 855 729 892; x_wconf 83' lang='lat' dir='ltr'>elemosinas</span> <span class='ocrx_word' id='word_1_86' title='bbox 761 855 944 892; x_wconf 90' lang='lat' dir='ltr'>incidunt</span> <span class='ocrx_word' id='word_1_87' title='bbox 976 854 1244 891; x_wconf 78' lang='lat' dir='ltr'>communiter</span> <span class='ocrx_word' id='word_1_88' title='bbox 1281 853 1322 889; x_wconf 90' lang='lat' dir='ltr'>in</span> <span class='ocrx_word' id='word_1_89' title='bbox 1354 866 1497 891; x_wconf 86' lang='lat' dir='ltr'>vanam</span> <span class='ocrx_word' id='word_1_90' title='bbox 1529 854 1713 903; x_wconf 76' lang='lat' dir='ltr'>gloriam,</span> <span class='ocrx_word' id='word_1_91' title='bbox 1756 864 1857 892; x_wconf 89' lang='lat' dir='ltr'>ut10</span> 
     </span>
     <span class='ocr_line' id='line_1_21' title="bbox 490 913 935 962; baseline -0.002 -12"><span class='ocrx_word' id='word_1_92' title='bbox 490 922 600 962; x_wconf 88' lang='lat' dir='ltr'>patet</span> <span class='ocrx_word' id='word_1_93' title='bbox 633 925 765 950; x_wconf 88' lang='lat' dir='ltr'>errore</span> <span class='ocrx_word' id='word_1_94' title='bbox 798 913 935 950; x_wconf 88' lang='lat' dir='ltr'>tercio.</span> 
     </span>
    </p>

    <p class='ocr_par' dir='ltr' id='par_1_8' title="bbox 489 969 1854 1181">
     <span class='ocr_line' id='line_1_22' title="bbox 547 969 1797 1018; baseline 0 -11"><span class='ocrx_word' id='word_1_95' title='bbox 547 972 746 1017; x_wconf 85' lang='lat' dir='ltr'>Secundo,</span> <span class='ocrx_word' id='word_1_96' title='bbox 778 970 986 1008; x_wconf 85' lang='lat' dir='ltr'>ordinacio</span> <span class='ocrx_word' id='word_1_97' title='bbox 1003 983 1140 1007; x_wconf 89' lang='lat' dir='ltr'>eorum</span> <span class='ocrx_word' id='word_1_98' title='bbox 1175 982 1256 1006; x_wconf 91' lang='lat' dir='ltr'>non</span> <span class='ocrx_word' id='word_1_99' title='bbox 1290 969 1490 1018; x_wconf 80' lang='lat' dir='ltr'>explicans</span> <span class='ocrx_word' id='word_1_100' title='bbox 1519 970 1797 1018; x_wconf 88' lang='lat' dir='ltr'>excepcionem</span> 
     </span>
     <span class='ocr_line' id='line_1_23' title="bbox 489 1027 1798 1075; baseline 0 -10"><span class='ocrx_word' id='word_1_101' title='bbox 489 1029 818 1066; x_wconf 90' lang='lat' dir='ltr'>deterioracionis</span> <span class='ocrx_word' id='word_1_102' title='bbox 864 1028 1028 1066; x_wconf 89' lang='lat' dir='ltr'>ecclesie</span> <span class='ocrx_word' id='word_1_103' title='bbox 1068 1037 1105 1064; x_wconf 89' lang='lat' dir='ltr'>et</span> <span class='ocrx_word' id='word_1_104' title='bbox 1138 1027 1416 1075; x_wconf 83' lang='lat' dir='ltr'>indignitatem</span> <span class='ocrx_word' id='word_1_105' title='bbox 1450 1040 1621 1075; x_wconf 88' lang='lat' dir='ltr'>persone</span> <span class='ocrx_word' id='word_1_106' title='bbox 1654 1028 1798 1065; x_wconf 89' lang='lat' dir='ltr'>elemo-</span> 
     </span>
     <span class='ocr_line' id='line_1_24' title="bbox 489 1085 1798 1133; baseline 0.001 -10"><span class='ocrx_word' id='word_1_107' title='bbox 489 1086 635 1123; x_wconf 90' lang='lat' dir='ltr'>sinarie</span> <span class='ocrx_word' id='word_1_108' title='bbox 673 1096 730 1123; x_wconf 89' lang='lat' dir='ltr'>est</span> <span class='ocrx_word' id='word_1_109' title='bbox 763 1087 1024 1123; x_wconf 84' lang='lat' dir='ltr'>seminarium</span> <span class='ocrx_word' id='word_1_110' title='bbox 1059 1085 1330 1122; x_wconf 89' lang='lat' dir='ltr'>contencionis</span> <span class='ocrx_word' id='word_1_111' title='bbox 1370 1086 1641 1133; x_wconf 85' lang='lat' dir='ltr'>perturbantis</span> <span class='ocrx_word' id='word_1_112' title='bbox 1675 1088 1798 1124; x_wconf 90' lang='lat' dir='ltr'>eccle-</span> 
     </span>
     <span class='ocr_line' id='line_1_25' title="bbox 490 1144 1854 1181; baseline -0.003 -1"><span class='ocrx_word' id='word_1_113' title='bbox 490 1144 605 1181; x_wconf 90' lang='lat' dir='ltr'>siam.</span> <span class='ocrx_word' id='word_1_114' title='bbox 1818 1145 1854 1176; x_wconf 82' lang='lat'>15</span> 
     </span>
    </p>

    <p class='ocr_par' dir='ltr' id='par_1_9' title="bbox 484 1201 1796 1427">
     <span class='ocr_line' id='line_1_26' title="bbox 544 1201 1796 1249; baseline 0.001 -11"><span class='ocrx_word' id='word_1_115' title='bbox 544 1202 702 1248; x_wconf 89' lang='lat' dir='ltr'>Tercio,</span> <span class='ocrx_word' id='word_1_116' title='bbox 727 1202 853 1239; x_wconf 90' lang='lat' dir='ltr'>dotati</span> <span class='ocrx_word' id='word_1_117' title='bbox 875 1201 947 1238; x_wconf 90' lang='lat' dir='ltr'>visi</span> <span class='ocrx_word' id='word_1_118' title='bbox 970 1201 1142 1238; x_wconf 88' lang='lat' dir='ltr'>securati</span> <span class='ocrx_word' id='word_1_119' title='bbox 1166 1210 1202 1237; x_wconf 91' lang='lat' dir='ltr'>et</span> <span class='ocrx_word' id='word_1_120' title='bbox 1223 1214 1267 1238; x_wconf 86' lang='lat' dir='ltr'>ex</span> <span class='ocrx_word' id='word_1_121' title='bbox 1296 1201 1563 1249; x_wconf 87' lang='lat' dir='ltr'>perpetuitate</span> <span class='ocrx_word' id='word_1_122' title='bbox 1581 1202 1796 1239; x_wconf 89' lang='lat' dir='ltr'>elemosine</span> 
     </span>
     <span class='ocr_line' id='line_1_27' title="bbox 488 1259 1795 1308; baseline 0 -12"><span class='ocrx_word' id='word_1_123' title='bbox 488 1269 682 1307; x_wconf 88' lang='lat' dir='ltr'>ponentes</span> <span class='ocrx_word' id='word_1_124' title='bbox 725 1273 836 1308; x_wconf 88' lang='lat' dir='ltr'>spem</span> <span class='ocrx_word' id='word_1_125' title='bbox 881 1273 991 1296; x_wconf 89' lang='lat' dir='ltr'>suam</span> <span class='ocrx_word' id='word_1_126' title='bbox 1027 1259 1067 1296; x_wconf 90' lang='lat' dir='ltr'>in</span> <span class='ocrx_word' id='word_1_127' title='bbox 1098 1259 1387 1307; x_wconf 86' lang='lat' dir='ltr'>temporalibus</span> <span class='ocrx_word' id='word_1_128' title='bbox 1421 1259 1689 1295; x_wconf 88' lang='lat' dir='ltr'>communiter</span> <span class='ocrx_word' id='word_1_129' title='bbox 1721 1260 1795 1296; x_wconf 92' lang='lat' dir='ltr'>dis-</span> 
     </span>
     <span class='ocr_line' id='line_1_28' title="bbox 488 1317 1796 1366; baseline 0.001 -12"><span class='ocrx_word' id='word_1_130' title='bbox 488 1318 669 1363; x_wconf 87' lang='lat' dir='ltr'>colisant,</span> <span class='ocrx_word' id='word_1_131' title='bbox 714 1317 808 1366; x_wconf 87' lang='lat' dir='ltr'>quia</span> <span class='ocrx_word' id='word_1_132' title='bbox 852 1317 1065 1354; x_wconf 87' lang='lat' dir='ltr'>Moralium</span> <span class='ocrx_word' id='word_1_133' title='bbox 1097 1318 1218 1353; x_wconf 88' lang='lat' dir='ltr'>XXIV</span> <span class='ocrx_word' id='word_1_134' title='bbox 1260 1317 1446 1353; x_wconf 76' lang='lat' dir='ltr'>securitas</span> <span class='ocrx_word' id='word_1_135' title='bbox 1491 1324 1547 1353; x_wconf 78' lang='lat' dir='ltr'>est</span> <span class='ocrx_word' id='word_1_136' title='bbox 1578 1325 1703 1353; x_wconf 83' lang='lat' dir='ltr'>mater</span> <span class='ocrx_word' id='word_1_137' title='bbox 1734 1331 1796 1355; x_wconf 87' lang='lat' dir='ltr'>ne-</span> 
     </span>
     <span class='ocr_line' id='line_1_29' title="bbox 484 1373 1013 1427; baseline 0.002 -16"><span class='ocrx_word' id='word_1_138' title='bbox 484 1376 692 1427; x_wconf 77' lang='lat' dir='ltr'>gligencz&#39;e.</span> <span class='ocrx_word' id='word_1_139' title='bbox 1010 1373 1013 1378; x_wconf 57' lang='lat'><strong><em>¹</em></strong></span> 
     </span>
    </p>

    <p class='ocr_par' dir='ltr' id='par_1_10' title="bbox 483 1432 1854 1944">
     <span class='ocr_line' id='line_1_30' title="bbox 545 1432 1854 1480; baseline 0.001 -11"><span class='ocrx_word' id='word_1_140' title='bbox 545 1435 713 1479; x_wconf 87' lang='lat' dir='ltr'>Quarto,</span> <span class='ocrx_word' id='word_1_141' title='bbox 738 1435 841 1470; x_wconf 87' lang='lat' dir='ltr'>bona</span> <span class='ocrx_word' id='word_1_142' title='bbox 865 1432 1027 1470; x_wconf 88' lang='lat' dir='ltr'>ecclesie</span> <span class='ocrx_word' id='word_1_143' title='bbox 1050 1444 1126 1480; x_wconf 92' lang='lat' dir='ltr'>que</span> <span class='ocrx_word' id='word_1_144' title='bbox 1159 1433 1306 1470; x_wconf 80' lang='lat' dir='ltr'>debent</span> <span class='ocrx_word' id='word_1_145' title='bbox 1323 1445 1406 1469; x_wconf 89' lang='lat' dir='ltr'>esse</span> <span class='ocrx_word' id='word_1_146' title='bbox 1440 1432 1672 1469; x_wconf 88' lang='lat' dir='ltr'>communia</span> <span class='ocrx_word' id='word_1_147' title='bbox 1704 1443 1796 1470; x_wconf 90' lang='lat' dir='ltr'>sunt</span> <span class='ocrx_word' id='word_1_148' title='bbox 1813 1443 1854 1465; x_wconf 87' lang='lat'>20</span> 
     </span>
     <span class='ocr_line' id='line_1_31' title="bbox 487 1490 1794 1539; baseline 0.001 -12"><span class='ocrx_word' id='word_1_149' title='bbox 487 1491 631 1527; x_wconf 91' lang='lat' dir='ltr'>talibus</span> <span class='ocrx_word' id='word_1_150' title='bbox 671 1491 874 1528; x_wconf 88' lang='lat' dir='ltr'>discoliter</span> <span class='ocrx_word' id='word_1_151' title='bbox 918 1490 1178 1539; x_wconf 87' lang='lat' dir='ltr'>appropriata</span> <span class='ocrx_word' id='word_1_152' title='bbox 1212 1499 1249 1526; x_wconf 94' lang='lat' dir='ltr'>et</span> <span class='ocrx_word' id='word_1_153' title='bbox 1282 1491 1497 1539; x_wconf 89' lang='lat' dir='ltr'>predonice</span> <span class='ocrx_word' id='word_1_154' title='bbox 1536 1490 1575 1526; x_wconf 92' lang='lat' dir='ltr'>in</span> <span class='ocrx_word' id='word_1_155' title='bbox 1607 1490 1794 1528; x_wconf 87' lang='lat' dir='ltr'>iniuriam</span> 
     </span>
     <span class='ocr_line' id='line_1_32' title="bbox 486 1547 1795 1597; baseline 0 -11"><span class='ocrx_word' id='word_1_156' title='bbox 486 1561 708 1597; x_wconf 88' lang='lat' dir='ltr'>pauperum</span> <span class='ocrx_word' id='word_1_157' title='bbox 755 1549 986 1586; x_wconf 87' lang='lat' dir='ltr'>incastrata.</span> <span class='ocrx_word' id='word_1_158' title='bbox 1037 1549 1148 1585; x_wconf 87' lang='lat' dir='ltr'>Sicut</span> <span class='ocrx_word' id='word_1_159' title='bbox 1191 1561 1284 1597; x_wconf 90' lang='lat' dir='ltr'>ergo</span> <span class='ocrx_word' id='word_1_160' title='bbox 1328 1549 1460 1597; x_wconf 88' lang='lat' dir='ltr'>pluvia</span> <span class='ocrx_word' id='word_1_161' title='bbox 1505 1557 1542 1584; x_wconf 90' lang='lat' dir='ltr'>et</span> <span class='ocrx_word' id='word_1_162' title='bbox 1579 1547 1795 1586; x_wconf 88' lang='lat' dir='ltr'>influencia</span> 
     </span>
     <span class='ocr_line' id='line_1_33' title="bbox 486 1606 1794 1655; baseline 0.001 -12"><span class='ocrx_word' id='word_1_163' title='bbox 486 1607 638 1643; x_wconf 81' lang='lat' dir='ltr'>celestis</span> <span class='ocrx_word' id='word_1_164' title='bbox 661 1608 927 1655; x_wconf 87' lang='lat' dir='ltr'>producentes</span> <span class='ocrx_word' id='word_1_165' title='bbox 952 1609 1057 1643; x_wconf 85' lang='lat' dir='ltr'>bona</span> <span class='ocrx_word' id='word_1_166' title='bbox 1081 1606 1244 1643; x_wconf 90' lang='lat' dir='ltr'>ecclesie</span> <span class='ocrx_word' id='word_1_167' title='bbox 1278 1620 1356 1644; x_wconf 90' lang='lat' dir='ltr'>non</span> <span class='ocrx_word' id='word_1_168' title='bbox 1389 1606 1704 1653; x_wconf 85' lang='lat' dir='ltr'>incarcerantur,</span> <span class='ocrx_word' id='word_1_169' title='bbox 1738 1607 1794 1644; x_wconf 82' lang='lat' dir='ltr'>sic</span> 
     </span>
     <span class='ocr_line' id='line_1_34' title="bbox 484 1664 1793 1712; baseline -0.001 -11"><span class='ocrx_word' id='word_1_170' title='bbox 484 1677 557 1701; x_wconf 88' lang='lat' dir='ltr'>nec</span> <span class='ocrx_word' id='word_1_171' title='bbox 602 1665 748 1701; x_wconf 77' lang='lat' dir='ltr'>debent</span> <span class='ocrx_word' id='word_1_172' title='bbox 791 1665 858 1701; x_wconf 88' lang='lat' dir='ltr'>illa</span> <span class='ocrx_word' id='word_1_173' title='bbox 903 1666 1027 1708; x_wconf 87' lang='lat' dir='ltr'>bona;</span> <span class='ocrx_word' id='word_1_174' title='bbox 1073 1664 1114 1700; x_wconf 90' lang='lat' dir='ltr'>in</span> <span class='ocrx_word' id='word_1_175' title='bbox 1159 1664 1271 1700; x_wconf 90' lang='lat' dir='ltr'>cuius</span> <span class='ocrx_word' id='word_1_176' title='bbox 1316 1664 1473 1712; x_wconf 88' lang='lat' dir='ltr'>signum</span> <span class='ocrx_word' id='word_1_177' title='bbox 1508 1664 1689 1701; x_wconf 91' lang='lat' dir='ltr'>Christus</span> <span class='ocrx_word' id='word_1_178' title='bbox 1735 1665 1793 1701; x_wconf 90' lang='lat' dir='ltr'>bis</span> 
     </span>
     <span class='ocr_line' id='line_1_35' title="bbox 486 1722 1849 1771; baseline -0.001 -12"><span class='ocrx_word' id='word_1_179' title='bbox 486 1723 799 1759; x_wconf 87' lang='lat' dir='ltr'>communicavit</span> <span class='ocrx_word' id='word_1_180' title='bbox 841 1725 913 1759; x_wconf 87' lang='lat' dir='ltr'>sub</span> <span class='ocrx_word' id='word_1_181' title='bbox 959 1722 1092 1759; x_wconf 89' lang='lat' dir='ltr'>divino</span> <span class='ocrx_word' id='word_1_182' title='bbox 1126 1723 1341 1770; x_wconf 82' lang='lat' dir='ltr'>populum3</span> <span class='ocrx_word' id='word_1_183' title='bbox 1387 1722 1494 1771; x_wconf 87' lang='lat' dir='ltr'>quod</span> <span class='ocrx_word' id='word_1_184' title='bbox 1533 1731 1666 1758; x_wconf 90' lang='lat' dir='ltr'>autem</span> <span class='ocrx_word' id='word_1_185' title='bbox 1701 1731 1793 1759; x_wconf 90' lang='lat' dir='ltr'>sunt</span> <span class='ocrx_word' id='word_1_186' title='bbox 1811 1723 1849 1753; x_wconf 82' lang='lat'>25</span> 
     </span>
     <span class='ocr_line' id='line_1_36' title="bbox 484 1780 1793 1828; baseline 0.001 -12"><span class='ocrx_word' id='word_1_187' title='bbox 484 1789 544 1817; x_wconf 91' lang='lat' dir='ltr'>tot</span> <span class='ocrx_word' id='word_1_188' title='bbox 585 1781 775 1827; x_wconf 79' lang='lat' dir='ltr'>latrones,</span> <span class='ocrx_word' id='word_1_189' title='bbox 828 1780 973 1828; x_wconf 90' lang='lat' dir='ltr'>inequa</span> <span class='ocrx_word' id='word_1_190' title='bbox 1019 1780 1267 1826; x_wconf 87' lang='lat' dir='ltr'>distribucio,</span> <span class='ocrx_word' id='word_1_191' title='bbox 1312 1780 1553 1817; x_wconf 90' lang='lat' dir='ltr'>incastracio</span> <span class='ocrx_word' id='word_1_192' title='bbox 1597 1789 1635 1817; x_wconf 89' lang='lat' dir='ltr'>et</span> <span class='ocrx_word' id='word_1_193' title='bbox 1681 1793 1793 1817; x_wconf 91' lang='lat' dir='ltr'>mon-</span> 
     </span>
     <span class='ocr_line' id='line_1_37' title="bbox 484 1838 1793 1887; baseline 0.001 -13"><span class='ocrx_word' id='word_1_194' title='bbox 484 1846 641 1875; x_wconf 86' lang='lat' dir='ltr'>struosa</span> <span class='ocrx_word' id='word_1_195' title='bbox 685 1838 950 1887; x_wconf 84' lang='lat' dir='ltr'>congregacio</span> <span class='ocrx_word' id='word_1_196' title='bbox 996 1840 1195 1875; x_wconf 86' lang='lat' dir='ltr'>bonorum</span> <span class='ocrx_word' id='word_1_197' title='bbox 1242 1838 1406 1874; x_wconf 88' lang='lat' dir='ltr'>ecclesie</span> <span class='ocrx_word' id='word_1_198' title='bbox 1451 1847 1508 1874; x_wconf 90' lang='lat' dir='ltr'>est</span> <span class='ocrx_word' id='word_1_199' title='bbox 1553 1851 1673 1874; x_wconf 88' lang='lat' dir='ltr'>causa</span> <span class='ocrx_word' id='word_1_200' title='bbox 1706 1851 1793 1886; x_wconf 86' lang='lat' dir='ltr'>pre—</span> 
     </span>
     <span class='ocr_line' id='line_1_38' title="bbox 483 1895 613 1944; baseline 0.015 -12"><span class='ocrx_word' id='word_1_201' title='bbox 483 1895 613 1944; x_wconf 87' lang='lat' dir='ltr'>cipua.</span> 
     </span>
    </p>

    <p class='ocr_par' dir='ltr' id='par_1_11' title="bbox 479 1953 1892 2522">
     <span class='ocr_line' id='line_1_39' title="bbox 542 1953 1792 2001; baseline -0.001 -11"><span class='ocrx_word' id='word_1_202' title='bbox 542 1954 704 2000; x_wconf 85' lang='lat' dir='ltr'>Quinto,</span> <span class='ocrx_word' id='word_1_203' title='bbox 739 1953 955 1990; x_wconf 90' lang='lat' dir='ltr'>elemosina</span> <span class='ocrx_word' id='word_1_204' title='bbox 974 1953 1119 1990; x_wconf 87' lang='lat' dir='ltr'>Christi</span> <span class='ocrx_word' id='word_1_205' title='bbox 1151 1955 1370 1989; x_wconf 87' lang='lat' dir='ltr'>secundum</span> <span class='ocrx_word' id='word_1_206' title='bbox 1403 1954 1528 2001; x_wconf 84' lang='lat' dir='ltr'>legem</span> <span class='ocrx_word' id='word_1_207' title='bbox 1555 1954 1702 1990; x_wconf 86' lang='lat' dir='ltr'>Christi</span> <span class='ocrx_word' id='word_1_208' title='bbox 1736 1962 1792 1990; x_wconf 92' lang='lat' dir='ltr'>est</span> 
     </span>
     <span class='ocr_line' id='line_1_40' title="bbox 482 2010 1850 2059; baseline 0.001 -12"><span class='ocrx_word' id='word_1_209' title='bbox 482 2011 755 2059; x_wconf 86' lang='lat' dir='ltr'>particulatim</span> <span class='ocrx_word' id='word_1_210' title='bbox 780 2011 1004 2058; x_wconf 84' lang='lat' dir='ltr'>distributa,</span> <span class='ocrx_word' id='word_1_211' title='bbox 1039 2024 1127 2047; x_wconf 90' lang='lat' dir='ltr'>cum</span> <span class='ocrx_word' id='word_1_212' title='bbox 1153 2011 1201 2047; x_wconf 90' lang='lat' dir='ltr'>sit</span> <span class='ocrx_word' id='word_1_213' title='bbox 1226 2013 1308 2051; x_wconf 89' lang='lat' dir='ltr'>Deo</span> <span class='ocrx_word' id='word_1_214' title='bbox 1339 2011 1558 2059; x_wconf 88' lang='lat' dir='ltr'>accepcior,</span> <span class='ocrx_word' id='word_1_215' title='bbox 1593 2021 1651 2047; x_wconf 90' lang='lat' dir='ltr'>est</span> <span class='ocrx_word' id='word_1_216' title='bbox 1684 2025 1792 2048; x_wconf 89' lang='lat' dir='ltr'>corn-</span> <span class='ocrx_word' id='word_1_217' title='bbox 1809 2010 1850 2042; x_wconf 81' lang='lat'>30</span> 
     </span>
     <span class='ocr_line' id='line_1_41' title="bbox 483 2065 1892 2120; baseline 0.001 -15"><span class='ocrx_word' id='word_1_218' title='bbox 483 2069 667 2105; x_wconf 88' lang='lat' dir='ltr'>munitati</span> <span class='ocrx_word' id='word_1_219' title='bbox 701 2065 874 2120; x_wconf 68' lang='lat' dir='ltr'>utillior</span> <span class='ocrx_word' id='word_1_220' title='bbox 906 2080 943 2106; x_wconf 91' lang='lat' dir='ltr'>et</span> <span class='ocrx_word' id='word_1_221' title='bbox 974 2081 1043 2117; x_wconf 91' lang='lat' dir='ltr'>per</span> <span class='ocrx_word' id='word_1_222' title='bbox 1089 2081 1336 2117; x_wconf 89' lang='lat' dir='ltr'>consequens</span> <span class='ocrx_word' id='word_1_223' title='bbox 1380 2070 1429 2105; x_wconf 91' lang='lat' dir='ltr'>ad</span> <span class='ocrx_word' id='word_1_224' title='bbox 1475 2069 1790 2106; x_wconf 87' lang='lat' dir='ltr'>continuandum</span> <span class='ocrx_word' id='word_1_225' title='bbox 1836 2068 1892 2112; x_wconf 80' lang='lat'>¹93</span> 
     </span>
     <span class='ocr_line' id='line_1_42' title="bbox 483 2126 1791 2176; baseline 0 -14"><span class='ocrx_word' id='word_1_226' title='bbox 483 2126 649 2173; x_wconf 82' lang='lat' dir='ltr'>diucius,</span> <span class='ocrx_word' id='word_1_227' title='bbox 695 2127 849 2164; x_wconf 89' lang='lat' dir='ltr'>facilius</span> <span class='ocrx_word' id='word_1_228' title='bbox 882 2136 918 2163; x_wconf 90' lang='lat' dir='ltr'>et</span> <span class='ocrx_word' id='word_1_229' title='bbox 952 2127 1150 2176; x_wconf 86' lang='lat' dir='ltr'>copiosius</span> <span class='ocrx_word' id='word_1_230' title='bbox 1183 2140 1283 2174; x_wconf 89' lang='lat' dir='ltr'>opus</span> <span class='ocrx_word' id='word_1_231' title='bbox 1316 2126 1375 2163; x_wconf 91' lang='lat' dir='ltr'>sui</span> <span class='ocrx_word' id='word_1_232' title='bbox 1415 2126 1568 2174; x_wconf 86' lang='lat' dir='ltr'>generis</span> <span class='ocrx_word' id='word_1_233' title='bbox 1602 2129 1651 2163; x_wconf 90' lang='lat' dir='ltr'>ad</span> <span class='ocrx_word' id='word_1_234' title='bbox 1685 2127 1791 2163; x_wconf 90' lang='lat' dir='ltr'>utili-</span> 
     </span>
     <span class='ocr_line' id='line_1_43' title="bbox 482 2184 1789 2233; baseline -0.001 -12"><span class='ocrx_word' id='word_1_235' title='bbox 482 2193 603 2221; x_wconf 86' lang='lat' dir='ltr'>tatem</span> <span class='ocrx_word' id='word_1_236' title='bbox 638 2185 803 2221; x_wconf 88' lang='lat' dir='ltr'>ecclesie</span> <span class='ocrx_word' id='word_1_237' title='bbox 836 2193 893 2221; x_wconf 91' lang='lat' dir='ltr'>est</span> <span class='ocrx_word' id='word_1_238' title='bbox 925 2184 1181 2233; x_wconf 86' lang='lat' dir='ltr'>disposicior;</span> <span class='ocrx_word' id='word_1_239' title='bbox 1215 2184 1255 2220; x_wconf 90' lang='lat' dir='ltr'>in</span> <span class='ocrx_word' id='word_1_240' title='bbox 1289 2184 1399 2220; x_wconf 90' lang='lat' dir='ltr'>cuius</span> <span class='ocrx_word' id='word_1_241' title='bbox 1428 2184 1583 2232; x_wconf 83' lang='lat' dir='ltr'>signum</span> <span class='ocrx_word' id='word_1_242' title='bbox 1610 2184 1789 2221; x_wconf 88' lang='lat' dir='ltr'>Christus</span> 
     </span>
     <span class='ocr_line' id='line_1_44' title="bbox 481 2241 1790 2291; baseline 0 -13"><span class='ocrx_word' id='word_1_243' title='bbox 481 2241 521 2278; x_wconf 91' lang='lat' dir='ltr'>in</span> <span class='ocrx_word' id='word_1_244' title='bbox 555 2242 665 2279; x_wconf 91' lang='lat' dir='ltr'>cuius</span> <span class='ocrx_word' id='word_1_245' title='bbox 698 2252 892 2291; x_wconf 90' lang='lat' dir='ltr'>potestate</span> <span class='ocrx_word' id='word_1_246' title='bbox 924 2242 997 2279; x_wconf 92' lang='lat' dir='ltr'>fuit</span> <span class='ocrx_word' id='word_1_247' title='bbox 1027 2243 1263 2280; x_wconf 87' lang='lat' dir='ltr'>facillimum</span> <span class='ocrx_word' id='word_1_248' title='bbox 1296 2242 1463 2278; x_wconf 90' lang='lat' dir='ltr'>fundare</span> <span class='ocrx_word' id='word_1_249' title='bbox 1496 2242 1790 2290; x_wconf 86' lang='lat' dir='ltr'>quantumlibet</span> 
     </span>
     <span class='ocr_line' id='line_1_45' title="bbox 482 2298 1845 2349; baseline 0.001 -14"><span class='ocrx_word' id='word_1_250' title='bbox 482 2301 615 2347; x_wconf 86' lang='lat' dir='ltr'>ampla</span> <span class='ocrx_word' id='word_1_251' title='bbox 647 2302 901 2337; x_wconf 88' lang='lat' dir='ltr'>sacerdotum</span> <span class='ocrx_word' id='word_1_252' title='bbox 936 2301 1117 2349; x_wconf 85' lang='lat' dir='ltr'>collegia,</span> <span class='ocrx_word' id='word_1_253' title='bbox 1151 2300 1453 2349; x_wconf 86' lang='lat' dir='ltr'>appropriando</span> <span class='ocrx_word' id='word_1_254' title='bbox 1486 2300 1561 2336; x_wconf 92' lang='lat' dir='ltr'>illis</span> <span class='ocrx_word' id='word_1_255' title='bbox 1594 2298 1845 2348; x_wconf 82' lang='lat' dir='ltr'>quotlibet35</span> 
     </span>
     <span class='ocr_line' id='line_1_46' title="bbox 481 2358 1789 2405; baseline 0.001 -12"><span class='ocrx_word' id='word_1_256' title='bbox 481 2358 731 2405; x_wconf 85' lang='lat' dir='ltr'>temporalia,</span> <span class='ocrx_word' id='word_1_257' title='bbox 778 2358 901 2394; x_wconf 89' lang='lat' dir='ltr'>nichil</span> <span class='ocrx_word' id='word_1_258' title='bbox 944 2358 1085 2395; x_wconf 85' lang='lat' dir='ltr'>talium</span> <span class='ocrx_word' id='word_1_259' title='bbox 1130 2358 1395 2405; x_wconf 84' lang='lat' dir='ltr'>attemptavit,</span> <span class='ocrx_word' id='word_1_260' title='bbox 1440 2359 1508 2394; x_wconf 90' lang='lat' dir='ltr'>sed</span> <span class='ocrx_word' id='word_1_261' title='bbox 1551 2370 1632 2394; x_wconf 91' lang='lat' dir='ltr'>non</span> <span class='ocrx_word' id='word_1_262' title='bbox 1664 2358 1789 2394; x_wconf 87' lang='lat' dir='ltr'>utitur</span> 
     </span>
     <span class='ocr_line' id='line_1_47' title="bbox 481 2414 1787 2464; baseline 0.001 -13"><span class='ocrx_word' id='word_1_263' title='bbox 481 2414 698 2452; x_wconf 87' lang='lat' dir='ltr'>christiano</span> <span class='ocrx_word' id='word_1_264' title='bbox 720 2415 929 2452; x_wconf 89' lang='lat' dir='ltr'>indubium</span> <span class='ocrx_word' id='word_1_265' title='bbox 955 2416 1052 2464; x_wconf 91' lang='lat' dir='ltr'>quin</span> <span class='ocrx_word' id='word_1_266' title='bbox 1076 2418 1217 2453; x_wconf 89' lang='lat' dir='ltr'>modus</span> <span class='ocrx_word' id='word_1_267' title='bbox 1240 2428 1333 2451; x_wconf 89' lang='lat' dir='ltr'>suus</span> <span class='ocrx_word' id='word_1_268' title='bbox 1356 2415 1526 2452; x_wconf 88' lang='lat' dir='ltr'>faciendi</span> <span class='ocrx_word' id='word_1_269' title='bbox 1551 2415 1787 2452; x_wconf 89' lang='lat' dir='ltr'>elemosinas</span> 
     </span>
     <span class='ocr_line' id='line_1_48' title="bbox 479 2472 1788 2522; baseline 0.001 -14"><span class='ocrx_word' id='word_1_270' title='bbox 479 2472 530 2509; x_wconf 92' lang='lat' dir='ltr'>sit</span> <span class='ocrx_word' id='word_1_271' title='bbox 562 2473 795 2521; x_wconf 86' lang='lat' dir='ltr'>regularior,</span> <span class='ocrx_word' id='word_1_272' title='bbox 829 2473 964 2510; x_wconf 88' lang='lat' dir='ltr'>utilior</span> <span class='ocrx_word' id='word_1_273' title='bbox 997 2483 1033 2510; x_wconf 89' lang='lat' dir='ltr'>et</span> <span class='ocrx_word' id='word_1_274' title='bbox 1066 2473 1290 2511; x_wconf 88' lang='lat' dir='ltr'>diuturnior</span> <span class='ocrx_word' id='word_1_275' title='bbox 1324 2486 1443 2522; x_wconf 89' lang='lat' dir='ltr'>quam</span> <span class='ocrx_word' id='word_1_276' title='bbox 1482 2474 1621 2509; x_wconf 89' lang='lat' dir='ltr'>modus</span> <span class='ocrx_word' id='word_1_277' title='bbox 1650 2485 1788 2521; x_wconf 90' lang='lat' dir='ltr'>super-</span> 
     </span>
    </p>
   </div>
   <div class='ocr_carea' id='block_1_7' title="bbox 478 2651 1788 2747">
    <p class='ocr_par' dir='ltr' id='par_1_12' title="bbox 478 2651 1788 2747">
     <span class='ocr_line' id='line_1_49' title="bbox 549 2651 1786 2684; baseline 0.002 -6"><span class='ocrx_word' id='word_1_278' title='bbox 549 2659 587 2684; x_wconf 91' lang='lat'>17.</span> <span class='ocrx_word' id='word_1_279' title='bbox 621 2651 715 2679; x_wconf 91' lang='lat' dir='ltr'>Cod.:</span> <span class='ocrx_word' id='word_1_280' title='bbox 763 2653 976 2680; x_wconf 68' lang='lat' dir='ltr'>communitur.</span> <span class='ocrx_word' id='word_1_281' title='bbox 1118 2653 1158 2680; x_wconf 84' lang='lat'>25.</span> <span class='ocrx_word' id='word_1_282' title='bbox 1193 2653 1287 2680; x_wconf 90' lang='lat' dir='ltr'>Cod.:</span> <span class='ocrx_word' id='word_1_283' title='bbox 1332 2653 1525 2680; x_wconf 66' lang='lat' dir='ltr'>comminavit</span> <span class='ocrx_word' id='word_1_284' title='bbox 1555 2653 1610 2680; x_wconf 78' lang='lat' dir='ltr'>suh</span> <span class='ocrx_word' id='word_1_285' title='bbox 1637 2653 1786 2681; x_wconf 82' lang='lat' dir='ltr'>dominio.</span> 
     </span>
     <span class='ocr_line' id='line_1_50' title="bbox 478 2685 1788 2747; baseline 0.002 -35"><span class='ocrx_word' id='word_1_286' title='bbox 478 2685 641 2747; x_wconf 47' lang='grc' dir='ltr'>Ξὲὲυίῐζῖῗάω</span> <span class='ocrx_word' id='word_1_287' title='bbox 668 2687 889 2715; x_wconf 78' lang='lat' dir='ltr'>incaustracio.</span> <span class='ocrx_word' id='word_1_288' title='bbox 979 2687 1019 2715; x_wconf 85' lang='lat'>35.</span> <span class='ocrx_word' id='word_1_289' title='bbox 1042 2687 1136 2715; x_wconf 91' lang='lat' dir='ltr'>Cod.:</span> <span class='ocrx_word' id='word_1_290' title='bbox 1164 2688 1322 2723; x_wconf 81' lang='lat' dir='ltr'>quidlibet.</span> <span class='ocrx_word' id='word_1_291' title='bbox 1410 2686 1456 2723; x_wconf 79' lang='lat'>37.</span> <span class='ocrx_word' id='word_1_292' title='bbox 1477 2687 1534 2721; x_wconf 71' lang='lat' dir='ltr'>Hic</span> <span class='ocrx_word' id='word_1_293' title='bbox 1560 2688 1676 2722; x_wconf 88' lang='lat' dir='ltr'>aliquot</span> <span class='ocrx_word' id='word_1_294' title='bbox 1695 2688 1788 2716; x_wconf 85' lang='lat' dir='ltr'>verba</span> 
     </span>
    </p>
   </div>
   <div class='ocr_carea' id='block_1_8' title="bbox 477 2781 1783 2868">
    <p class='ocr_par' dir='ltr' id='par_1_13' title="bbox 477 2781 1783 2868">
     <span class='ocr_line' id='line_1_51' title="bbox 553 2781 1783 2825; baseline 0.002 -15"><span class='ocrx_word' id='word_1_295' title='bbox 553 2788 600 2820; x_wconf 87' lang='lat'>17.</span> <span class='ocrx_word' id='word_1_296' title='bbox 627 2781 674 2813; x_wconf 84' lang='lat' dir='ltr'>St.</span> <span class='ocrx_word' id='word_1_297' title='bbox 703 2781 858 2823; x_wconf 86' lang='lat' dir='ltr'>Gregorii</span> <span class='ocrx_word' id='word_1_298' title='bbox 884 2782 1068 2813; x_wconf 86' lang='lat' dir='ltr'>Moralium</span> <span class='ocrx_word' id='word_1_299' title='bbox 1095 2782 1152 2816; x_wconf 85' lang='lat' dir='ltr'>lib.</span> <span class='ocrx_word' id='word_1_300' title='bbox 1173 2782 1293 2825; x_wconf 83' lang='lat' dir='ltr'>XXIV,</span> <span class='ocrx_word' id='word_1_301' title='bbox 1321 2792 1394 2824; x_wconf 80' lang='lat' dir='ltr'>cap.</span> <span class='ocrx_word' id='word_1_302' title='bbox 1412 2781 1520 2813; x_wconf 82' lang='lat' dir='ltr'>XXVI</span> <span class='ocrx_word' id='word_1_303' title='bbox 1547 2782 1783 2824; x_wconf 81' lang='lat' dir='ltr'>Opp.tom.1‚</span> 
     </span>
     <span class='ocr_line' id='line_1_52' title="bbox 477 2836 659 2868; baseline 0.005 -1"><span class='ocrx_word' id='word_1_304' title='bbox 477 2836 554 2867; x_wconf 74' lang='lat' dir='ltr'>Pag-</span> <span class='ocrx_word' id='word_1_305' title='bbox 582 2836 659 2868; x_wconf 85' lang='lat'><strong>772·</strong></span> 
     </span>
    </p>
   </div>
  </div>
 </body>
</html>
