2050 3292
161 859 198 879 10

148 2003 178 2040 Q

212 218 300 246 cem.
321 211 447 262 xxvr]
683 217 817 249 maiza
841 216 1050 248 TERTffls.

213 334 344 375 posset
377 324 713 374 periculosissime
746 324 980 371 perturbare
1014 321 1239 359 ecclesiam.
1273 322 1313 359 Si
1336 322 1456 370 igitur
1479 321 1518 358 in

213 384 322 421 omni
367 396 511 432 genere
554 391 609 418 est
654 394 775 418 unum
822 380 997 429 primum
1045 381 1152 428 quod
1187 388 1243 416 est
1277 388 1446 416 metrum
1481 388 1518 416 et

215 454 397 478 mensura
443 440 623 477 omnium
663 439 847 484 aliorum,
893 451 972 475 nou
1005 446 1126 475 restat
1158 439 1264 486 quod
1298 438 1398 474 foret
1430 449 1518 486 per-

213 499 408 536 tinencius
453 497 692 546 principium
738 496 990 533 sermonialis
1034 504 1072 532 et
1117 495 1233 532 realis
1265 494 1519 543 philosophie

213 570 331 606 quam
379 556 577 604 scriptura
621 554 821 603 sapiencie
866 554 1084 590 incarnate.
1139 553 1179 590 Si
1225 553 1330 589 enim
1366 566 1408 589 ex
1443 553 1518 589 fide

213 614 384 663 Spiritus
408 616 576 651 Sanctus
599 612 734 649 docuit
752 612 954 660 apostolos
978 619 1161 648 auctores
1184 611 1299 647 huius
1323 610 1519 658 scripture

212 685 371 709 omnem
406 671 626 715 veritatem,
661 683 779 718 quem
813 671 1017 706 doctorem
1053 677 1314 717 sequerentur
1346 668 1386 704 in
1421 668 1518 705 veri-

213 739 292 767 tate
323 729 450 766 vocali
483 729 542 765 vel
575 727 685 777 reali,
718 728 748 763 si
782 740 860 763 non
894 727 1012 763 istum
1043 726 1275 774 magistrum
1299 726 1518 774 optimum3

213 788 288 824 alie
332 795 464 823 autem
510 787 621 834 loyce
666 794 703 822 et
748 784 948 833 sapiencie
994 793 1234 821 evanescunt
1280 785 1347 820 sed
1396 797 1439 820 os
1485 792 1520 820 et

214 844 416 893 sapiencia
449 857 568 892 quam
604 843 711 879 dedit
743 842 936 890 apostolis
960 842 999 881 in
1023 842 1087 878 die
1111 843 1363 878 Pentecostes
1388 850 1521 878 manet

214 903 252 939 in
296 911 491 947 eternum,
537 901 599 938 cui
644 913 723 937 non
768 909 957 948 poterunt
1000 899 1215 937 efficaciter
1258 899 1440 937 resistere
1485 907 1523 935 et

214 960 489 997 contradicere
521 971 660 996 omnes
693 958 922 995 adversarii.
960 958 1187 994 Teneamus
1220 957 1340 1005 igitur
1379 970 1450 993 nos
1483 957 1522 992 in

213 1018 346 1066 lingua
370 1026 407 1054 et
429 1016 683 1066 philosophia
708 1015 928 1053 rectissima
952 1015 1159 1063 scripture,
1183 1015 1275 1063 quia
1301 1014 1522 1051 declinacio

214 1078 261 1112 ab
307 1075 373 1111 illa
417 1084 549 1123 posset
594 1087 677 1111 esse
709 1083 820 1110 tanta
854 1075 961 1122 quod
995 1073 1123 1110 maior
1156 1086 1247 1121 pars
1280 1072 1490 1109 hominum
1518 1069 1520 1125 l

152 1140 174 1151 ’·
214 1136 404 1170 abnueret
449 1146 606 1169 sensum
653 1132 849 1180 scripture
894 1144 1014 1179 quam
1048 1130 1220 1179 Spiritus
1253 1132 1421 1167 Sanctus
1466 1130 1523 1166 in-

214 1192 415 1233 tenderam
462 1204 580 1239 quam
623 1190 815 1226 caribdim
851 1202 947 1237 rogo
980 1191 1107 1225 Deum
1143 1201 1275 1224 meum
1316 1189 1523 1225 excludere

215 1263 237 1286 a
260 1262 331 1285 sua
355 1248 533 1286 ecclesia.
557 1249 778 1285 Credamus
802 1247 920 1295 igitur
938 1246 1146 1283 dominum
1169 1248 1300 1282 Jesum
1319 1246 1519 1282 Christum

217 1319 299 1343 esse
322 1306 425 1342 viam
451 1307 501 1342 ad
530 1306 780 1354 dirigendum
807 1305 1011 1341 deviantes
1033 1304 1074 1340 in
1100 1303 1290 1347 moribus,
1315 1303 1521 1340 veritatem

215 1366 264 1400 ad
297 1364 571 1400 instruendum
607 1363 764 1411 ignaros
788 1363 826 1399 in
850 1362 1095 1408 veritatibus,
1124 1371 1167 1398 ut
1189 1362 1245 1398 sic
1269 1362 1419 1410 repleat
1442 1370 1522 1398 tam

214 1422 400 1459 affectum
435 1434 553 1469 quam
590 1421 715 1457 eciam
750 1421 1010 1465 intellectum,
1051 1429 1087 1457 et
1119 1421 1279 1456 demum
1315 1421 1524 1456 credamus

214 1493 303 1517 eum
336 1479 456 1515 vitam
493 1480 542 1515 ad
575 1478 854 1515 vivificandum
892 1478 1153 1514 mortificatos
1186 1477 1325 1525 spiritu
1361 1487 1401 1513 ut
1427 1477 1524 1513 fina—

215 1537 302 1574 liter
329 1537 406 1573 sint
438 1537 555 1574 beati.
589 1538 681 1574 Ideo
705 1537 797 1585 quia
820 1545 877 1573 est
902 1535 1032 1572 media
1054 1547 1227 1584 persona
1250 1535 1290 1571 in
1314 1535 1522 1575 Trinitate,

216 1595 288 1631 fuit
342 1594 580 1631 conveniens
632 1603 672 1630 ut
726 1595 933 1631 reduceret
986 1593 1185 1642 peculium
1232 1606 1363 1638 suum,
1417 1594 1523 1641 quod

217 1653 359 1689 erravit
391 1652 430 1688 in
461 1652 610 1699 medio;
645 1652 739 1700 quia
762 1661 819 1689 est
842 1651 1044 1699 sapiencia
1067 1651 1139 1688 Dei
1163 1651 1300 1699 patris⁷
1334 1650 1406 1686 fuit
1430 1663 1523 1687 con-

185 1710 374 1747 Zveniens
427 1719 469 1746 ut
522 1710 745 1747 mitteretur
790 1711 839 1746 ad
884 1710 1157 1746 reducendum
1204 1721 1246 1745 ex
1291 1708 1525 1757 ignorancia

216 1769 347 1816 lapsos
377 1767 415 1803 in
439 1767 566 1815 devio,
600 1776 636 1804 et
660 1768 752 1816 quia
782 1776 838 1803 est
861 1767 952 1813 vita,
984 1776 1095 1804 actus
1118 1767 1177 1802 vel
1201 1767 1328 1803 forma
1352 1766 1524 1811 deitatis,

217 1838 438 1862 consonum
484 1825 558 1862 fuit
590 1827 697 1874 quod
729 1825 959 1868 vivificaret,
1007 1833 1187 1861 actuaret
1221 1834 1257 1861 et
1290 1825 1525 1861 reformaret

218 1892 410 1929 mortuos,
458 1882 731 1920 resuscitando
777 1896 842 1919 eos
886 1896 907 1919 a
941 1883 1108 1919 mortuis
1141 1895 1286 1930 sopore
1319 1884 1369 1918 ad
1402 1882 1525 1918 beati-

216 1941 394 1977 tudinem
435 1953 511 1989 que
550 1941 731 1977 consistit
769 1941 808 1976 in
846 1940 1026 1977 viacione
1066 1953 1111 1977 ac
1151 1940 1283 1989 quiete
1316 1940 1356 1976 in
1389 1942 1521 1976 verbo.

274 1998 500 2034 VVillelmus
544 2011 635 2035 vero
681 1997 1026 2035 Altissiodorensis
1079 2000 1145 2034 dat
1199 1998 1375 2046 quinque
1428 1998 1526 2034 alias

216 2056 412 2101 raciones,
458 2056 588 2104 prima
633 2065 675 2092 ut
708 2058 847 2093 eadem
881 2056 930 2092 sit
962 2069 1107 2104 ymago
1142 2055 1361 2093 creacionis
1394 2064 1431 2092 et
1467 2069 1525 2092 re-

217 2114 454 2161 creacionis;
478 2116 653 2151 secunda
676 2114 770 2162 quia
792 2114 1021 2151 substancia
1044 2113 1115 2150 Dei
1140 2115 1257 2150 debet
1281 2113 1525 2150 manifestari

216 2185 286 2220 per
318 2173 493 2217 verbum,
540 2172 595 2208 sic
639 2173 747 2221 quod
791 2172 895 2209 idem
931 2172 979 2208 sit
1013 2171 1116 2208 filius
1151 2173 1201 2207 ad
1234 2180 1341 2208 extra
1376 2171 1443 2218 qui
1476 2173 1524 2208 ad

216 2229 339 2277 intra3
384 2229 505 2266 tercia
551 2229 645 2278 quia
689 2229 762 2265 nisi
809 2230 1007 2267 hereditas
1052 2229 1247 2278 promissa
1292 2228 1471 2277 patribus
1505 2242 1526 2265 a

160 2293 174 2302 ⁰
216 2296 328 2335 patre
362 2287 663 2335 promitteretur
696 2297 732 2324 et
765 2296 1071 2335 recuperaretur
1103 2300 1173 2335 per
1206 2287 1346 2335 filium,
1392 2295 1527 2334 posset

217 2346 322 2382 fatue
354 2345 548 2393 suspicari
581 2346 687 2393 quod
723 2345 826 2381 filius
860 2346 1069 2381 rebellaret
1102 2344 1218 2392 patri,
1253 2357 1295 2380 ex
1320 2346 1393 2381 hoc
1417 2346 1523 2392 quod

198 2403 415 2439 hereditas
461 2411 517 2438 est
563 2416 653 2447 sua;
699 2412 840 2450 quarta
887 2412 928 2439 ut
974 2404 1208 2439 ostendatur
1252 2402 1368 2439 nobis
1401 2402 1526 2450 patris

157 2590 202 2620 40

217 2460 397 2504 dsseccio,
432 2460 525 2508 quia
559 2460 667 2497 dedit
699 2460 813 2496 nobis
847 2460 972 2496 filium
1006 2461 1227 2497 naturalem
1263 2469 1300 2496 et
1332 2459 1388 2496 sic
1421 2459 1524 2496 idern

217 2519 319 2554 foret
352 2517 594 2566 principium
629 2517 699 2554 filii
733 2519 781 2554 ad
815 2527 936 2563 extra,
983 2518 1049 2566 qui
1095 2519 1145 2554 ad
1179 2518 1282 2554 intra
1315 2517 1399 2553 sine
1433 2530 1526 2553 con-

216 2575 371 2612 fusione
393 2576 453 2612 vel
476 2575 749 2621 dissonancia3
783 2575 922 2624 quinta
955 2584 997 2611 ut
1026 2576 1129 2612 filius
1161 2575 1333 2612 hominis
1363 2584 1400 2612 et
1423 2574 1526 2611 filius

217 2633 289 2670 Dei
323 2633 514 2670 naturalis
547 2633 785 2670 assimilaret
818 2633 890 2670 sibi
923 2646 1056 2670 servos
1090 2633 1204 2670 exilio
1228 2633 1402 2681 perditos
1427 2642 1525 2669 tam-

286 2789 314 2816 t3.
336 2789 431 2817 Cod.:
459 2790 568 2817 decuit.
648 2789 675 2816 8.
697 2789 790 2817 Cod.:
818 2797 965 2825 magnum
991 2789 1145 2824 optimum.
1230 2797 1270 2816 10.
1300 2789 1395 2816 Cod.=
1422 2789 1527 2816 l'enlc-

217 2824 319 2851 cussis.
392 2832 437 2857 21.
465 2824 495 2852 in
516 2833 580 2852 meo
607 2832 634 2852 111
657 2824 725 2852 cod.
748 2824 823 2851 Ovis
839 2825 985 2852 aberrans
1006 2833 1021 2851 a
1042 2828 1121 2851 recta
1142 2823 1198 2850 xia.

1723 206 1802 255 623

1548 963 1600 989 liet
1622 971 1655 989 us
1677 962 1748 989 hold
1770 966 1800 988 to

1564 999 1614 1024 the
1635 998 1784 1031 lauguagc

1538 1033 1595 1059 and
1624 1032 1811 1066 philosophy

1564 1068 1599 1093 os
1617 1067 1784 1101 scripture.

1565 1250 1669 1277 Clu-ist
1691 1250 1715 1276 is
1737 1251 1785 1276 the
1803 1261 1810 1270 κ

1550 1293 1626 1320 way.
1649 1285 1697 1312 the
1718 1286 1799 1311 ῐΓιιῐΙι

1574 1320 1631 1347 and
1655 1320 1702 1346 the
1724 1321 1783 1346 lite.
