2050 3292
175 244 258 284 494

195 1744 262 1772 The
283 1744 372 1771 dress
393 1743 453 1771 and

226 1779 299 1806 rites
319 1778 353 1805 of
370 1778 420 1805 the

183 1814 285 1848 clergy
306 1812 454 1847 proclaim

245 1848 396 1883 holiness,

894 234 952 268 DE
979 235 1114 269 Clvlm
1142 235 1353 268 DOMINIO.
1536 221 1647 277 [CAP.
1668 230 1779 261 xxm.

467 342 521 379 hii
555 341 690 379 dicunt
722 343 829 391 quod
862 342 1004 380 fratres
1035 341 1263 381 necessitati
1296 350 1387 380 sunt
1415 341 1584 389 adulari,
1620 341 1780 380 mentiri

467 409 503 437 et
535 400 726 437 solicitari
759 413 829 449 pre
862 401 1018 438 defectu
1050 401 1349 449 temporalium,
1383 400 1451 437 ubi
1484 401 1610 437 dotati
1638 399 1780 438 seclusi

467 460 515 495 ab
548 458 633 495 istis
663 458 843 507 quiecius
866 467 1034 507 possunt
1057 458 1333 507 contemplari.
1368 458 1435 495 Hii
1458 467 1592 495 autem
1617 466 1780 495 econtra

467 516 606 553 dicunt
647 517 756 565 quod
789 526 955 565 propter
988 516 1150 554 divicias
1184 517 1469 561 defendendas,
1515 516 1781 565 acquirendas

467 583 505 612 et
537 574 828 622 dispensandas
870 574 1055 611 incidunt
1097 574 1386 624 possessionati
1424 573 1467 611 in
1501 573 1712 611 mendacia
1745 576 1812 611 et5

467 632 758 679 adulacionem,
812 632 854 669 in
897 634 1121 670 mundanas
1154 632 1428 670 solicitudines
1462 641 1499 669 et
1541 632 1690 669 ventris
1723 631 1782 668 in-

467 689 638 738 gluviem
686 699 723 726 et
767 692 930 728 demum
976 690 1016 727 in
1049 691 1301 739 prodigalem
1335 703 1381 728 ac
1413 689 1679 739 irreligiosam
1714 691 1783 726 bo-

466 760 610 784 norum
645 748 810 786 ecclesie
842 748 1188 797 dispensacionem
1214 749 1275 786 vel
1298 761 1458 786 avaram
1484 748 1782 795 detencionem3

468 814 505 842 et
537 814 753 855 utrumque
787 806 996 855 contingit,
1030 806 1123 844 licet
1155 820 1235 844 non
1268 820 1339 855 per
1368 820 1408 844 se
1432 819 1475 843 ex
1496 806 1782 856 temporalium

467 863 805 912 appropriacione
836 865 898 902 vel
929 865 1155 902 voluntaria
1188 865 1531 914 expropriacione.
1583 865 1660 902 Sed
1703 877 1785 901 non
1804 875 1842 896 10

468 922 632 958 dubium
648 922 742 971 quin
766 931 892 960 status
916 923 1230 972 exproprietarie
1262 922 1487 961 vivencium
1522 923 1572 960 sit
1587 932 1782 972 quantum

468 981 518 1016 ad
565 979 757 1017 maiorem
804 980 1106 1029 religiositatem
1142 980 1369 1019 evidencior
1401 990 1440 1019 et
1473 983 1520 1017 de
1552 982 1658 1018 facto
1693 981 1784 1018 reli-

468 1037 630 1085 giosior,
681 1038 712 1076 si
756 1039 824 1076 illa
868 1039 981 1088 signa
1026 1039 1247 1077 extrinseca
1296 1039 1444 1077 fuerint
1476 1039 1629 1076 actibus
1662 1038 1786 1076 animi

468 1105 677 1145 coequata‚
712 1096 806 1146 quia
838 1097 1077 1135 intrinsecus
1108 1098 1149 1134 in
1183 1097 1337 1135 actibus
1371 1097 1509 1148 animi,
1534 1098 1575 1134 in
1607 1097 1786 1135 sensibus

468 1162 545 1191 stat
577 1167 647 1203 per
677 1167 719 1192 se
747 1154 892 1204 :religio
916 1155 1154 1205 christiana3
1188 1166 1225 1193 et
1248 1156 1538 1204 multiplicatur
1570 1156 1662 1193 hinc
1694 1156 1815 1193 inde1

469 1213 709 1249 fermentum
755 1213 1036 1261 phariseorum
1082 1216 1191 1263 quod
1236 1223 1294 1252 est
1337 1214 1532 1263 ypocrisis
1570 1223 1614 1251 ut
1646 1223 1785 1259 vesteS,

467 1270 566 1308 visio
611 1280 649 1308 et
693 1271 760 1308 alii
805 1272 1085 1320 religiosorum
1130 1273 1229 1309 ritus
1275 1281 1382 1309 stant
1413 1285 1503 1309 cum
1538 1271 1788 1321 quantalibet

470 1329 615 1366 mentis
638 1329 856 1378 spurcicia3
881 1339 917 1367 et
937 1330 1091 1370 utinam
1115 1330 1332 1368 secundum
1356 1331 1620 1379 propheciam
1639 1329 1786 1367 Christi

469 1396 506 1424 et
550 1387 663 1424 Pauli
709 1401 791 1424 non
839 1388 994 1425 eveniat
1037 1389 1202 1426 ecclesie
1247 1389 1287 1425 in
1321 1388 1460 1426 diebus
1504 1387 1732 1426 novissimis
1767 1385 1787 1441 l,

470 1444 572 1482 sicut
605 1444 735 1483 evenit
767 1455 949 1495 ternpore
972 1446 1120 1484 Christi
1154 1449 1202 1484 de
1234 1447 1444 1496 phariseis,
1478 1447 1585 1495 quia,
1619 1456 1661 1483 ut
1692 1446 1789 1483 dicit

472 1512 681 1540 metricus:

530 1586 630 1622 Lata
663 1598 807 1622 corona
838 1586 946 1635 satis,
979 1587 1097 1638 nigra
1131 1588 1256 1634 vestis,
1290 1588 1393 1624 botta
1428 1588 1609 1638 rotunda,

533 1645 619 1680 Non
641 1644 801 1693 faciunt
832 1646 1076 1696 monachum,
1108 1646 1178 1682 sed
1210 1658 1314 1681 mens
1345 1658 1367 1681 α
1390 1646 1550 1682 crimine
1576 1646 1731 1682 munda.

535 1739 583 1773 Et
614 1738 856 1774 Anshelmus
887 1737 1062 1775 inculcat
1101 1738 1263 1775 metrice
1304 1739 1430 1775 multa
1467 1738 1625 1776 similia.
1681 1738 1791 1775 Ritus

1827 1155 1842 1187 5

1829 1448 1909 1476 201n

475 1794 674 1844 siquidem
720 1795 975 1844 clericorum,
1019 1796 1123 1833 sicut
1167 1796 1265 1833 ritus
1310 1796 1589 1845 phariseorum
1634 1792 1848 1834 fuerant25

475 1855 617 1891 devote
661 1853 828 1901 inducti,
871 1855 981 1903 quod
1011 1854 1043 1891 si
1087 1855 1301 1903 generacio
1334 1855 1514 1892 adultera
1551 1854 1665 1903 signa
1698 1868 1792 1904 que-

474 1911 583 1949 sierit
606 1921 642 1948 et
665 1925 746 1949 non
769 1913 958 1960 fructum,
992 1912 1087 1949 folia
1110 1913 1309 1950 infatuant
1332 1913 1513 1962 undique
1537 1913 1789 1952 christianos

474 1971 593 2015 Quod
625 1979 739 2007 notat
770 1971 998 2007 Jeronimus
1029 1970 1070 2007 in
1094 1971 1272 2019 Epistola
1304 1973 1353 2008 ad
1383 1971 1666 2009 pamachium:
1701 1973 1791 2019 Sed,

473 2027 616 2076 inquit,
663 2041 731 2065 nos
775 2029 982 2066 clericatus
1026 2030 1172 2066 honore
1215 2042 1287 2065 non
1332 2030 1450 2077 abuti,
1499 2031 1568 2066 sed
1613 2030 1793 2081 diligenti

473 2086 648 2123 custodia
682 2087 959 2123 mandatorum
994 2087 1065 2124 hoc
1088 2100 1168 2124 esse
1189 2088 1292 2137 quod
1313 2100 1394 2124 esse
1417 2088 1608 2126 videmur.
1643 2087 1790 2125 Omnia

474 2143 579 2180 enim
614 2144 786 2193 insignia
820 2145 1056 2182 clericorum
1090 2145 1255 2183 virtutes
1289 2145 1330 2181 in
1361 2145 1476 2183 nobis
1500 2155 1789 2194 representant‚

473 2202 639 2239 virtutes
678 2203 932 2251 pollicentur,
977 2203 1163 2241 virtutem
1212 2205 1406 2254 clamant3
1452 2205 1598 2241 clamat
1642 2217 1791 2241 corona

473 2269 767 2309 paupertatem,
813 2262 962 2298 clamat
1000 2260 1119 2299 vestis
1163 2262 1288 2299 animi
1334 2264 1598 2310 honestatem,
1644 2263 1792 2299 clamat

545 2438 565 2458 1.
581 2430 677 2459 Cod.:
697 2438 784 2466 quem
795 2431 935 2466 fratres.
1002 2429 1041 2459 31.
1058 2431 1153 2459 Cod.:
1176 2432 1305 2460 virtutes
1319 2440 1393 2460 esse.
1463 2431 1504 2460 32.
1521 2432 1615 2460 Cod.:
1632 2432 1793 2468 pollicem·

547 2524 599 2556 24.
627 2514 679 2546 Cf.
705 2515 861 2546 Anselmi
880 2515 1083 2546 Admonitio
1109 2516 1281 2560 morienti⁷
1308 2516 1400 2558 Opp.
1419 2517 1534 2548 tom.I
1561 2516 1707 2559 (Migne)
1726 2515 1792 2548 686

477 2567 509 2592 et
534 2561 577 2593 de
603 2561 816 2603 Contemptu
842 2562 962 2593 Mundi
989 2561 1033 2594 ib.
1061 2561 1145 2594 688:

615 2629 695 2662 Non
723 2634 870 2663 tonsura
889 2631 987 2673 facit
1013 2632 1239 2671 monachum,
1267 2642 1335 2665 non
1364 2632 1512 2665 horrida
1539 2632 1665 2672 vestis,-

614 2677 686 2709 Sed
711 2677 826 2710 virtus
851 2677 965 2710 animi
981 2683 1247 2720 perpetuusque
1273 2680 1381 2722 rigor.

615 2724 718 2756 Alens
742 2725 895 2764 humilis,
922 2725 1047 2756 mundi
1071 2729 1304 2766 contemptus,
1331 2725 1405 2758 vita
1424 2725 1571 2767 pudica,

616 2770 820 2814 Sanctaque
845 2771 1039 2811 sohrietas;
1065 2772 1152 2804 haec
1169 2772 1315 2815 faciunt
1342 2773 1551 2804 monachum
1573 2797 1578 2803 .
1600 2797 1606 2803 .
1627 2797 1633 2804 .
1655 2795 1663 2803 .

481 2838 532 2870 28.
560 2840 761 2882 Hieronymi
790 2841 880 2882 Opp.
908 2847 993 2873 torn.
1021 2841 1042 2881 Ι,
1072 2851 1148 2872 210.

1831 2094 1859 2124 H
