2050 3292
243 224 331 255 CAP.
358 216 440 271 xx]
703 230 837 261 LIBER
863 229 1073 261 TERTIUS.

241 349 321 373 non
356 345 412 374 est
444 349 544 384 opus
577 336 850 373 misericordie
882 338 950 373 sed
983 335 1200 385 impietatis
1232 335 1288 372 sic
1321 336 1461 372 facere.
1502 338 1549 371 Et

240 407 315 442 pro
356 394 530 431 secunda
575 403 688 442 parte
731 403 788 431 est
831 395 1071 431 Anshelmus
1115 394 1155 430 in
1200 396 1260 430 De
1301 393 1549 430 Excellencia

240 453 354 489 beate
398 452 562 500 virginis
594 453 700 488 V1110
741 452 935 500 capitulo:
982 453 1203 501 Postquam,
1249 450 1390 499 inquit,
1436 451 1548 486 homo

238 508 363 546 Deum
402 510 673 559 contempserit
711 518 745 546 et
783 511 861 545 eius
901 510 1092 546 mandatis
1124 509 1293 545 tumidus
1332 504 1546 560 contraire}

117 565 195 610 169d
237 580 311 603 non
355 567 491 613 timuit,
535 568 571 602 in
616 568 720 603 nulla
765 575 946 604 creatura
990 579 1101 615 quam
1146 567 1198 602 ad
1228 566 1436 602 subsidium
1470 565 1549 601 eius

237 625 344 661 Deus
375 625 547 670 instituit,
588 625 684 662 iusto
723 625 861 661 iudicio
900 625 1046 673 aliquid
1077 625 1172 660 iuris
1203 624 1369 673 amplius
1407 623 1549 659 habere

237 683 377 721 debuit.
414 683 509 718 Cum
533 683 656 733 igitur
678 690 713 719 et
744 683 780 718 in
813 682 1051 719 contumacia
1083 695 1153 718 sua
1186 689 1319 718 contra
1337 681 1546 717 Dominum

238 752 370 776 rerum
413 741 586 789 perstitit
629 748 663 776 et
700 748 827 776 tamen
860 753 967 777 usum
1002 752 1135 775 rerum
1169 740 1203 775 in
1235 739 1445 775 subsidium
1478 739 1551 774 sibi

238 798 369 833 datum
415 805 640 846 retorquere
683 811 755 834 non
802 799 956 843 destitit,
1001 798 1227 834 iniusticiam
1266 798 1364 844 Deo,
1408 804 1443 832 et
1475 797 1551 833 Dei

154 856 186 886 M
237 864 415 891 creature
459 856 682 892 violenciam
729 856 854 892 intulit
897 864 932 892 et
970 856 1265 905 oppressionem.
1317 856 1372 890 Ex
1404 853 1547 902 quibus

236 912 392 949 videtur
438 913 558 950 michi
604 926 692 950 cum
746 913 1019 961 descripcione
1072 912 1204 961 operis
1258 911 1545 958 misericordie,

236 972 343 1018 quod
385 972 486 1007 foret
529 984 629 1018 opus
675 971 949 1008 misericordie
993 971 1148 1007 auferre
1182 983 1203 1007 a
1237 970 1381 1006 clerico
1414 969 1547 1006 taliter

235 1029 378 1064 abusas
412 1028 586 1074 divicias,
634 1028 790 1065 dicente
835 1030 995 1066 decreto
1041 1030 1104 1078 III,
1153 1027 1363 1076 questione
1407 1030 1456 1063 II:
1506 1028 1549 1063 Si

234 1086 446 1135 episcopus.
501 1087 554 1133 Si,
599 1086 742 1135 inquit,
788 1088 889 1123 male
934 1087 1095 1123 vivendo
1141 1086 1296 1122 ecclesie
1330 1085 1547 1133 facultates

182 1142 216 1175 15
235 1144 416 1193 dispersit
447 1146 660 1194 episcopus,
692 1145 738 1180 ab
771 1145 850 1181 eius
875 1144 1112 1194 patrimonio
1144 1155 1336 1193 quousque
1369 1144 1416 1179 de
1447 1143 1544 1178 dila-

227 1202 433 1250 pidacione
456 1215 587 1238 rerum
611 1202 862 1239 ecclesiarum
886 1209 1147 1253 cognoscatur
1177 1201 1462 1238 submovendus
1476 1208 1543 1246 est,

230 1261 411 1309 exemplo
443 1268 615 1297 tutorum
649 1268 684 1296 et
716 1268 942 1297 curatorum
980 1260 1046 1309 qui
1076 1261 1165 1295 dum
1193 1259 1351 1308 fuerint
1381 1259 1547 1308 suspecti

228 1330 253 1352 a
286 1319 402 1354 tutela
436 1319 497 1354 vel
527 1331 622 1354 cura
656 1326 917 1362 removentur,
951 1319 1069 1354 donec
1101 1319 1147 1353 de
1177 1324 1353 1366 suspecto
1380 1322 1543 1367 cognos-

232 1382 354 1412 catur.
389 1377 436 1412 Et
467 1375 572 1412 idem
607 1376 722 1423 plene
754 1376 948 1413 iudicium
983 1384 1039 1412 est
1061 1376 1110 1412 de
1133 1386 1375 1423 quocunque
1398 1373 1542 1418 iudice,

176 1438 217 1462 20
232 1432 437 1481 preposito
469 1435 529 1470 vel
562 1435 705 1470 abbate
738 1436 937 1471 bonorum
971 1432 1148 1471 ecclesie.

289 1493 343 1527 Ex
375 1491 460 1528 istis
492 1491 632 1540 quinto
670 1491 839 1529 infertur
872 1493 979 1540 quod
1011 1503 1084 1528 nec
1122 1491 1161 1526 in
1194 1489 1358 1538 proprio
1396 1501 1468 1526 nec
1501 1489 1541 1525 in

232 1549 437 1585 communi
470 1550 615 1586 debent
652 1549 784 1586 clerici
818 1549 987 1586 civiliter
1016 1548 1234 1595 dominari3
1269 1547 1399 1584 omnis
1433 1546 1537 1583 enim

231 1606 398 1643 civilitas
430 1607 533 1655 sapit
565 1607 852 1655 proprietatem
878 1620 954 1656 que
978 1620 1021 1643 ex
1044 1605 1232 1655 superbia
1260 1605 1416 1652 mitigat
1439 1604 1539 1641 cari-

229 1672 365 1703 tatem.
418 1666 533 1702 Unde
571 1666 826 1702 Bernhardus
864 1665 905 1701 in
941 1665 1076 1701 libello
1116 1677 1186 1700 suo
1220 1665 1276 1699 De
1309 1663 1540 1699 Dileccione

173 1719 300 1759 25Dei
334 1724 478 1770 probat
511 1725 619 1771 quod
652 1723 809 1759 caritati
843 1731 1038 1771 repugnat
1071 1721 1311 1770 proprietas,
1353 1733 1399 1757 eo
1432 1721 1540 1769 quod

229 1780 373 1817 caritas
410 1793 483 1817 non
522 1781 646 1829 querit
682 1793 753 1830 que
783 1793 853 1817 sua
884 1788 991 1817 sunt.-
1022 1781 1097 1827 uhi,
1129 1779 1274 1828 inquit,
1301 1779 1540 1828 proprietas,

227 1838 279 1874 ibi
307 1839 585 1889 singularitas;
621 1839 685 1875 ubi
714 1846 840 1875 autem
873 1838 1143 1889 singularitas,
1183 1837 1234 1873 ibi
1263 1837 1444 1887 angulus,
1478 1836 1543 1872 ubi

113 1895 191 1934 ¹70⁹
226 1903 352 1932 autem
385 1909 432 1932 an
462 1892 465 1949 Ι
492 1897 623 1947 gultis,
663 1897 715 1932 ibi
749 1897 886 1933 sordes
924 1904 990 1932 aut
1022 1896 1162 1946 rubigo
1194 1895 1275 1931 sine
1307 1894 1420 1930 dubio
1453 1894 1539 1940 erit,

227 1953 320 2001 quia
353 1954 610 2002 proprietarii
643 1963 881 2002 premuntur
912 1953 1069 1991 sarcina
1106 1952 1215 2001 gravi
1248 1952 1409 2000 proprie
1442 1951 1538 1999 legis

171 2020 304 2059 goqua
349 2020 439 2048 sunt
488 2011 677 2048 contrarii
722 2012 796 2048 sibi
840 2011 949 2060 ipsis,
995 2020 1032 2048 et
1076 2010 1132 2047 illi
1177 2009 1245 2059 qui
1289 2009 1433 2058 spiritu
1466 2009 1538 2046 Dei

227 2078 410 2117 aguntur,
462 2071 533 2106 sub
585 2069 659 2107 levi
712 2082 833 2107 onere
873 2069 1050 2106 caritatis
1102 2068 1303 2116 respirant
1354 2067 1536 2103 dulciter.

227 2128 368 2163 nemini
410 2128 608 2176 quicquam
654 2128 830 2165 debentes
877 2127 951 2164 nisi
991 2134 1031 2163 ut
1073 2139 1113 2163 se
1152 2126 1311 2162 invicem
1357 2125 1537 2175 diligant.

227 2186 327 2221 Cum
373 2185 478 2222 enim
513 2187 618 2222 Deus
663 2184 812 2222 creavit
855 2184 1059 2221 hominem
1105 2192 1273 2232 rectum,
1319 2183 1418 2219 dans
1463 2181 1537 2218 sibi

225 2243 352 2290 Iegem
405 2251 547 2279 nature
594 2244 814 2280 secundum
867 2255 989 2291 quam
1037 2241 1121 2278 sine
1165 2240 1354 2278 civilitate
1406 2248 1537 2276 rectus

170 2302 406 2339 35tenderet
439 2302 488 2337 ad
512 2300 685 2348 patriam
716 2309 754 2337 et
783 2308 961 2337 uteretur
983 2298 1097 2336 bonis
1120 2298 1192 2335 Dei
1223 2296 1536 2346 exproprietarie

226 2359 276 2394 ad
322 2370 564 2404 mensuram,
611 2366 721 2406 patet
765 2359 872 2407 quod
917 2357 1122 2394 declinans
1166 2357 1215 2393 ab
1260 2355 1335 2392 ista
1379 2354 1443 2391 via
1486 2355 1536 2391 ad

181 2409 184 2411 μ
225 2417 513 2464 proprietatem
538 2415 776 2452 dominandi
805 2416 1026 2452 secundum
1058 2415 1167 2462 leges
1198 2413 1411 2450 hominum
1442 2412 1537 2449 facit

226 2474 435 2521 angulum;
468 2475 508 2510 in
541 2486 620 2522 qua
652 2473 928 2510 declinacione
960 2485 983 2509 a
1013 2473 1100 2521 lege
1128 2479 1270 2509 nature
1292 2482 1456 2508 necesse
1479 2478 1537 2507 est

294 2618 322 2643 4.
344 2608 440 2638 Cod.:
460 2607 595 2638 timidus.
685 2615 726 2641 14.
749 2606 843 2635 Cod.:
864 2606 999 2635 vivendi.
1080 2605 1123 2633 28.
1146 2606 1240 2634 Cod.:
1262 2605 1315 2632 ubi
1331 2607 1450 2633 sordes.

295 2691 324 2712 2.
350 2682 427 2712 Non
452 2686 505 2712 est
527 2679 604 2712 VIII
629 2680 689 2711 sed
714 2679 775 2712 VII
800 2689 874 2721 cap.
900 2679 1062 2711 Eadmeri
1095 2678 1153 2710 lib.
1179 2678 1231 2709 De
1260 2676 1472 2712 Excellentia
1502 2676 1534 2707 b.

225 2728 363 2769 Mar-iae,
406 2727 521 2767 Migne
567 2726 682 2770 CLIX,
735 2725 811 2768 569.
971 2725 1020 2757 13.
1071 2724 1154 2766 Cap.
1202 2723 1288 2756 VIII.
1340 2723 1533 2755 Gratianus.

211 2772 279 2805 ·26.
306 2773 328 2806 Ι.
356 2773 434 2806 Cor.
460 2772 546 2816 XIII,
566 2779 596 2814 5.
693 2772 746 2805 32.
776 2772 851 2803 Divi
874 2771 1042 2803 Bernardi
1060 2771 1124 2812 Ep.
1142 2769 1188 2801 XI
1206 2770 1248 2801 ad
1267 2765 1534 2801 carthusienses

225 2826 257 2851 et
285 2819 437 2851 Guidoni
469 2819 572 2861 priori
599 2828 675 2861 pag.
708 2828 803 2859 1404.
902 2819 954 2851 322
984 2818 1083 2849 Rom.
1102 2816 1188 2860 XIII,
1215 2815 1245 2848 8.

1750 234 1826 272 421

1609 1495 1784 1524 Individual

1617 1536 1766 1593 ‘'122555?

1629 1600 1754 1636 charity.
