2050 3292
199 248 280 297 398
916 254 975 286 DE
1005 253 1143 285 c1V1L1
1171 253 1381 285 DOMINio.
1599 240 1707 297 [CAP.
1732 250 1811 278 X1x.

489 362 574 398 dem
594 372 671 410 pro
696 361 869 407 ecclesia,
905 361 969 396 ille
993 372 1083 396 vero
1109 360 1154 395 ab
1179 360 1339 396 ecclesia
1372 360 1615 396 exercendus
1638 368 1813 409 respectu

487 418 724 463 sacerdotis,-
767 420 798 454 is
831 419 963 454 militis
1009 430 1136 461 manu,
1186 419 1254 453 sed
1298 430 1390 453 sane
1422 418 1636 453 adnutum
1683 431 1813 454 sacer-

490 478 591 513 dotis
614 485 648 512 et
671 477 815 513 iussum
841 476 1102 526 imperatoris.
1139 476 1291 512 Volunt
1326 474 1447 523 igitur
1471 475 1601 512 sancti
1634 476 1813 523 gladium

252 543 329 571 This
350 544 421 582 they
491 535 740 572 materialem
790 547 874 571 esse
920 535 1179 571 sacerdotum
1227 533 1408 580 ecclesie,
1457 547 1539 570 non
1572 542 1615 569 ut
1648 534 1723 581 ipsi
1757 534 1814 570 sic

200 579 474 649 {lssguffilgfaflgsussssss
490 601 669 642 pugnent
700 593 761 629 vel
794 592 835 629 in
869 606 991 629 causa
1037 591 1204 640 propria
1250 604 1432 639 pugnare
1465 601 1697 639 procurent,
1745 594 1847 629 sed5

212 648 457 710 defegffiffrgffiffiss
491 653 541 688 ad
575 651 851 687 defensionem
892 650 1129 688 universalis
1165 649 1331 686 ecclesie
1365 659 1509 687 contra
1542 650 1724 686 infideles
1759 654 1815 696 (ut

399 704 403 710 ⁵
492 718 599 758 patet
634 710 684 745 IV
717 709 833 746 huius
866 711 987 745 XVIII
1023 708 1200 756 capitulo
1234 717 1270 744 et
1303 716 1411 757 patet
1443 708 1608 745 inferius
1643 708 1812 754 diffuse).

492 771 535 804 In
558 769 634 805 hoc
658 767 778 815 igitur
811 767 893 804 ceci
928 768 1170 815 glossatores
1204 766 1300 802 iuris
1334 767 1522 803 canonici
1556 767 1669 803 omni
1703 767 1815 815 igno-

493 826 630 863 rancia
665 838 803 862 sensus
836 824 1029 874 scripture
1064 834 1101 861 et
1134 824 1230 872 legis
1256 825 1404 861 Christi
1438 825 1588 861 faciunt
1621 825 1814 862 ambicio-

492 897 554 921 sos
578 884 805 933 prepositos
839 883 1015 920 insanire
1039 892 1247 931 putantes:
1282 883 1313 919 si
1347 896 1451 931 papa
1485 883 1534 919 sit
1568 884 1815 931 imperatore
1836 897 1873 916 10

492 942 784 989 honorabilior,
831 942 1014 990 superior
1062 941 1142 977 sive
1176 941 1399 989 potencior‚
1447 950 1542 977 tunc
1576 950 1633 977 est
1680 942 1814 978 huius-

494 1001 603 1037 modi
637 1001 773 1049 quoad
808 1001 1017 1045 mundum,
1060 1012 1151 1036 cum
1185 999 1410 1036 formaliter
1442 999 1621 1048 sequitur
1654 1000 1815 1048 opposi-

492 1068 599 1106 tum3
635 1067 692 1095 est
716 1058 821 1095 enim
847 1060 981 1107 quoad
1009 1060 1137 1094 Deum
1164 1057 1456 1107 honorabilior,
1491 1057 1559 1106 qui
1590 1066 1647 1094 est
1681 1060 1815 1106 quoad

493 1117 688 1153 mundum
725 1116 940 1161 abieccior,
981 1116 1020 1152 in
1054 1116 1333 1164 spiritualibus
1367 1116 1550 1164 superior
1583 1116 1614 1152 si
1648 1116 1698 1152 sit
1731 1119 1815 1153 Deo

492 1184 529 1211 et
555 1175 746 1212 membris
778 1174 860 1211 suis
894 1174 1157 1211 obediencior
1189 1183 1383 1223 tanquam
1418 1187 1553 1211 servus
1588 1175 1871 1211 communis15

493 1233 670 1272 ecclesie.
705 1235 753 1269 Et
777 1233 904 1270 tercio
929 1242 986 1269 est
1019 1242 1212 1281 tanquam
1238 1232 1373 1269 anima
1397 1246 1564 1281 corpore
1589 1233 1813 1281 potencior,

492 1292 522 1327 si
557 1292 705 1328 relictis
750 1291 997 1328 secularibus
1043 1291 1223 1339 negociis
1263 1291 1303 1327 in
1350 1291 1578 1327 ambicione
1625 1292 1815 1328 secularis

492 1350 655 1386 honoris
688 1358 881 1398 tanquam
916 1361 1069 1398 pauper
1103 1358 1139 1385 et
1172 1349 1335 1385 humilis
1370 1349 1517 1385 Christi
1564 1349 1738 1386 vicarius
1778 1359 1815 1386 et

493 1408 597 1444 Petri
632 1407 854 1456 discipulus
888 1407 1078 1444 sollicitat
1108 1420 1147 1444 se
1164 1407 1272 1444 circa
1305 1407 1611 1444 edificacionem
1648 1408 1814 1444 ecclesie

492 1475 529 1502 et
576 1466 615 1502 in
648 1466 813 1512 virtute;
860 1475 897 1502 et
931 1465 1189 1513 contingente
1233 1465 1422 1513 opposito
1468 1475 1526 1502 est
1571 1478 1814 1514 quocunque
1831 1477 1873 1498 20

493 1524 725 1561 Christiano
758 1523 974 1562 abieccior.
1030 1526 1077 1560 Et
1109 1524 1166 1560 sic
1199 1523 1459 1572 intelligenda
1504 1532 1562 1560 est
1602 1524 1814 1561 decretalis

493 1586 533 1618 In
563 1578 567 1636 Ι
596 1582 781 1619 nocencii.
815 1584 862 1619 III
897 1582 1029 1630 primo
1052 1582 1155 1618 libro
1181 1583 1229 1618 de
1263 1582 1493 1618 maioritate
1518 1591 1554 1618 et
1578 1582 1813 1619 obediencia
1859 1593 1937 1627 150d

493 1641 674 1689 capitulo
708 1641 842 1687 solite,
877 1649 913 1677 et
947 1642 1153 1677 decretum
1189 1640 1454 1677 distinccione
1484 1642 1581 1688 XIX,
1615 1640 1814 1689 capitulo:

491 1700 548 1734 Ita
573 1699 752 1735 dominus
776 1707 813 1735 et
835 1700 903 1735 XII
937 1698 1147 1747 questione
1172 1700 1219 1734 III
1253 1698 1294 1735 in
1329 1698 1462 1734 multis
1497 1699 1688 1747 capitulis
1722 1712 1814 1735 cum

492 1757 678 1793 omnibus
713 1757 767 1793 eis
801 1756 1000 1794 similibus
1034 1759 1142 1806 quod
1176 1756 1386 1793 maioritas
1410 1769 1513 1805 pape
1547 1764 1623 1794 stat
1656 1757 1696 1793 in
1720 1759 1874 1805 pau-25

492 1823 660 1863 pertate‚
709 1815 936 1852 humilitate
984 1824 1019 1851 et
1052 1814 1250 1863 spirituali
1300 1815 1617 1859 ministracione‚
1664 1828 1745 1852 non
1777 1815 1817 1850 in

494 1873 704 1921 civilitate3
738 1875 808 1910 sed
832 1874 861 1909 si
887 1887 908 1910 a
932 1873 1167 1910 sacerdocio
1201 1886 1274 1909 suo
1308 1874 1575 1921 degeneratur
1608 1886 1817 1922 perversus

494 1933 542 1968 ad
588 1932 780 1980 seculum,
828 1931 1010 1979 pertinax
1055 1932 1241 1968 defensor
1287 1932 1489 1968 civilitatis
1535 1944 1617 1979 sue,
1662 1932 1819 1969 videtur

199 2006 375 2042 Aworldly
399 2014 477 2041 ροβε
496 1989 617 2026 michi
663 1992 769 2038 quod
817 1990 866 2026 sit
912 1990 1170 2026 heresiarcha
1205 1999 1242 2025 et
1275 2002 1297 2026 a
1330 1990 1483 2026 cunctis
1530 1990 1715 2027 fidelibus
1757 2002 1818 2026 ex-

200 2049 273 2103 ’ζωῇ
296 2042 475 2103 ffigssffiffbess
495 2048 704 2096 pellendus
752 2057 788 2084 et
833 2056 914 2084 tam
962 2048 1157 2096 dignitate
1203 2047 1414 2084 clericatus
1460 2061 1580 2097 quam
1616 2050 1665 2085 ab
1699 2061 1816 2085 occu·
1836 2053 1876 2084 30

203 2111 406 2150 depriyedox·
433 2111 478 2138 ¹³1³
495 2105 666 2154 pacione
690 2106 838 2142 terreni
864 2106 1035 2142 dominii
1071 2107 1347 2154 deponendus.
1382 2107 1482 2142 Cum
1510 2106 1615 2143 enim
1641 2106 1818 2143 defendit

274 2147 405 2181 cngmty.
494 2163 740 2200 sentenciam
775 2164 973 2212 scripture
1007 2177 1119 2201 sacre
1153 2164 1397 2201 contrariam
1433 2173 1514 2201 tam
1549 2166 1672 2201 verbo
1696 2178 1815 2213 quam

495 2235 618 2269 opere
663 2222 875 2270 pertinaci,
921 2222 1009 2271 quis
1055 2222 1210 2259 dubitat
1254 2222 1351 2270 quin
1384 2222 1434 2259 sit
1467 2223 1667 2259 hereticus
1702 2232 1738 2259 et
1773 2236 1817 2259 eo

496 2279 682 2328 capitalis
708 2280 747 2315 in
771 2281 841 2316 tali
876 2280 1049 2329 malicia,
1084 2293 1163 2328 quo
1198 2281 1346 2317 ducens
1380 2280 1562 2317 subditos
1596 2280 1816 2317 secundum

496 2340 624 2386 legem
660 2337 810 2374 Christi
844 2339 946 2374 foret
979 2338 1219 2375 christicolis
1252 2338 1498 2387 patriarcha.
1545 2340 1650 2375 Pena
1684 2347 1816 2376 autem
1836 2343 1873 2375 35

495 2396 646 2432 heresis
670 2396 869 2433 limitatur
892 2409 997 2445 pape
1020 2396 1288 2433 distinccione
1310 2398 1396 2433 XL:
1432 2397 1475 2432 Si
1494 2409 1600 2446 papa
1625 2405 1661 2433 et
1682 2398 1818 2444 XXIV,

497 2454 706 2502 questione
752 2455 786 2490 I:
841 2455 1074 2497 Didicimus,
1121 2455 1252 2503 inquit
1297 2467 1443 2504 canon,
1489 2467 1621 2491 onmes
1665 2456 1817 2492 omnino

497 2512 687 2548 hereticos
720 2520 754 2548 et
785 2513 1025 2549 scismaticos
1070 2513 1189 2549 nichil
1227 2514 1370 2549 hahere
1397 2514 1602 2562 potestatis
1633 2525 1678 2549 ac
1711 2513 1819 2552 iuris.

499 2573 544 2606 Et
577 2569 683 2606 idem
718 2570 813 2606 dicit
846 2570 1090 2618 Augustinus
1125 2583 1245 2618 super
1277 2572 1459 2607 Johanne
1493 2571 1651 2607 Omelia
1683 2572 1746 2616 VI,
1783 2580 1819 2607 et

565 2705 590 2731 8.
613 2705 712 2732 omnis
732 2704 924 2740 ignorancia
947 2705 1028 2739 (sic).
1120 2704 1163 2741 37.
1187 2705 1281 2733 Cod.:
1307 2705 1444 2733 dicimus.

568 2786 599 2816 7.
625 2777 676 2808 De
703 2777 804 2808 Civili
843 2777 1010 2808 Dominio
1037 2777 1075 2821 ΙΙ,
1115 2788 1147 2818 p.
1188 2776 1247 2808 261
1286 2787 1386 2820 seqq.
1499 2786 1552 2818 23.
1598 2779 1673 2810 Lib.
1705 2779 1727 2820 1,
1769 2779 1808 2810 tit

497 2823 645 2862 XXXIII,
665 2833 738 2864 cap.
758 2824 813 2855 VI.
889 2833 940 2864 24.
968 2824 1052 2865 Cap.
1072 2824 1143 2855 VII.
1217 2823 1271 2863 36.
1299 2824 1382 2864 Cap.
1397 2825 1453 2857 VI.
1518 2825 1569 2866 37.
1590 2825 1672 2866 Cap.
1700 2825 1816 2856 XXXI.

500 2867 553 2900 38.
581 2869 674 2911 Opp.
701 2876 786 2901 tom.
814 2870 867 2910 III,
896 2876 961 2910 330
988 2880 1087 2912 seqq.
