2050 3292
222 219 301 267 546

233 1157 288 1185 We
308 1165 358 1185 are
380 1156 485 1184 bound

230 1197 260 1219 to
280 1193 371 1219 know
393 1191 491 1218 God's

269 1226 452 1254 command-

308 1267 418 1289 ments.

247 2517 305 2545 W’e
328 2518 402 2544 need
424 2522 477 2545 not

270 2554 361 2579 know
380 2553 462 2579 what

292 2587 366 2614 does
387 2592 441 2614 not

282 2622 399 2657 pertain
420 2627 450 2648 to

282 2656 443 2684 salvation.

936 227 995 258 DE
1024 227 1159 258 CIVILI
1186 228 1395 260 DOMINio.
1579 218 1686 272 [CAP.
1707 228 1817 257 xxiv.

509 332 591 380 quis
634 332 828 368 existimat
870 344 910 368 se
953 333 1100 381 aliquid
1140 346 1233 380 esse,
1279 346 1363 370 cum
1404 335 1521 370 nichil
1557 336 1618 384 sit,
1669 336 1748 385 ipse
1778 349 1819 373 se

509 390 674 434 sedum,-
715 402 807 425 nam
853 390 967 426 valde
1012 391 1203 438 equivoce
1249 400 1429 428 creatura
1473 401 1530 429 est
1574 392 1726 441 aliquid
1759 406 1818 430 re-

510 455 646 495 spectu
679 448 777 484 entis
810 447 1059 495 simpliciter3
1106 457 1142 485 et
1186 450 1240 485 sic
1278 451 1432 485 videtur
1475 450 1570 486 satis
1614 452 1818 488 addiscere

511 506 558 541 de
603 504 793 551 magistro
837 505 1055 541 leccionem
1101 506 1256 542 virtutis
1301 507 1586 547 misericordie,
1639 508 1818 545 Sciamus

509 563 625 609 igitur
656 562 886 598 oracionem
934 563 1193 607 dominicam,
1240 565 1475 613 decalogum
1522 574 1559 601 et
1603 565 1852 603 simbolum5

511 633 599 656 cum
646 620 783 656 mediis
827 621 1105 657 facilitantibus
1150 622 1199 658 ad
1232 635 1367 658 eorum
1408 622 1611 669 noticiam,
1657 632 1693 659 et
1726 636 1820 672 que-

511 689 666 725 cunque
699 679 775 714 alia
806 678 956 714 noticia
994 679 1192 715 viancium
1233 682 1380 716 nedum
1421 689 1478 716 est
1516 681 1719 728 superflua
1751 683 1819 718 sed

510 735 665 781 nociva,
700 735 792 783 quia
825 748 868 772 ex
902 737 1129 773 curiositate
1161 739 1338 774 retardat
1376 740 1423 774 ab
1461 739 1624 775 istorum
1659 739 1818 779 noticia,

512 795 559 828 Et
602 793 677 829 ista
721 794 874 829 videtur
917 795 1121 831 sentencia
1160 797 1340 842 Apostoli
1372 796 1398 834 I.
1433 797 1524 832 Cor.
1559 798 1602 840 ΙΙ,
1637 808 1679 834 2:
1719 797 1819 844 Non,

511 850 654 898 inquit,
706 851 875 887 iudicavi
905 864 964 887 me
1003 853 1104 888 scire
1134 853 1281 901 aliquid
1331 854 1429 889 inter
1473 866 1539 890 vos
1584 855 1657 890 nisi
1690 854 1878 891 Jesumm

517 908 712 945 Christum
758 917 792 944 et
835 910 935 945 hunc
978 911 1220 960 crucifixum.
1274 913 1496 947 Noscamus
1541 911 1660 959 igitur
1696 912 1819 949 vitam

513 978 600 1002 cum
649 966 831 1003 doctrina
864 967 1092 1015 evangelica
1125 981 1242 1016 quam
1278 981 1518 1017 exequamur
1560 969 1600 1006 in
1643 969 1820 1018 practica

513 1033 549 1060 et
584 1032 641 1060 est
673 1024 783 1062 satis,
829 1026 943 1061 Patet
974 1025 1096 1074 igitur
1129 1028 1235 1074 qnod
1268 1027 1501 1074 ignorancia
1536 1029 1818 1064 mandatorum

512 1095 584 1129 pro
628 1091 807 1130 tempore
851 1095 931 1131 quo
976 1084 1097 1120 homo
1142 1085 1258 1121 debet
1302 1084 1447 1121 servire
1490 1087 1707 1121 secundnm
1753 1085 1820 1121 illa

514 1141 705 1176 mandata
748 1153 829 1176 non
886 1151 1044 1178 excusat
1087 1142 1271 1189 ignarum
1318 1154 1367 1178 ne
1410 1151 1548 1190 peccet
1599 1143 1876 1180 mortaliter15

513 1198 580 1233 sed
612 1207 749 1244 gravat
793 1200 968 1235 cecando
1001 1200 1175 1238 oculum.
1226 1200 1385 1236 Ponunt
1423 1209 1558 1237 tamen
1591 1201 1820 1249 philosophi

513 1257 619 1303 quod
652 1255 729 1292 alia
761 1264 818 1292 est
849 1256 1083 1304 ignorancia
1116 1258 1388 1305 disposicionis
1422 1267 1458 1294 et
1487 1258 1564 1295 alia
1587 1258 1819 1306 ignorancia

513 1313 680 1349 actualis
731 1314 1074 1362 apprehensionis.
1138 1315 1372 1363 Ignorancia
1417 1315 1698 1364 disposicionis
1751 1325 1819 1362 est,

514 1372 675 1418 quando
724 1384 893 1419 persona
938 1378 1060 1420 cap'ax
1092 1373 1239 1409 noticie
1272 1373 1542 1421 cuiuscunque
1575 1374 1723 1410 scibilis
1756 1375 1821 1411 de-

514 1428 595 1464 ficit
626 1430 675 1464 ab
709 1429 974 1477 disposicione
1002 1429 1007 1479 Ι
1037 1439 1072 1466 et
1104 1431 1240 1467 habitu
1273 1444 1352 1479 quo
1384 1432 1515 1478 ipsum
1545 1441 1820 1480 cognosceret3
1862 1440 1944 1468 222⁸

515 1495 551 1521 et
595 1486 728 1522 taliter
772 1496 828 1523 est
870 1490 992 1524 homo
1037 1488 1198 1536 ignarus
1242 1498 1333 1525 ante
1367 1489 1611 1535 doctrinam3
1661 1490 1728 1527 sed
1761 1502 1820 1526 se-

515 1545 645 1579 cundo
670 1546 789 1580 modo
813 1546 935 1582 homo
969 1547 1119 1582 habens
1143 1546 1324 1583 habitum
1354 1547 1536 1593 sciencie,
1571 1547 1664 1583 dum
1689 1547 1823 1584 deficit

513 1602 679 1638 actualis
713 1603 999 1647 consideracio‚
1034 1603 1178 1640 dicitur
1209 1605 1393 1652 ignorare
1426 1604 1465 1640 in
1499 1614 1590 1641 actu
1621 1607 1728 1653 quod
1750 1605 1823 1642 scit

513 1659 553 1695 in
597 1660 749 1706 habitu,
796 1670 832 1697 et
876 1662 1009 1698 taliter
1053 1670 1109 1698 est
1152 1661 1283 1699 omnis
1323 1663 1450 1699 malus
1483 1662 1686 1710 ignorans,
1733 1676 1822 1699 curn

513 1720 781 1765 perpetrando
825 1728 1035 1766 peccatum
1082 1729 1249 1767 apparet
1293 1720 1367 1756 sibi
1411 1722 1582 1767 bonum3
1636 1720 1726 1757 ideo
1764 1722 1881 1758 vel25

514 1775 648 1811 deficit
692 1776 764 1812 sibi
809 1777 968 1813 habitus
1012 1777 1186 1814 veritatis
1231 1778 1289 1813 vel
1334 1778 1491 1814 habitus
1536 1779 1742 1826 quiescens
1785 1778 1825 1815 in

514 1833 648 1869 anima
679 1834 827 1881 ligatur
860 1847 902 1871 ex
936 1835 1120 1883 passione
1153 1836 1214 1871 vel
1246 1836 1324 1871 alio
1356 1837 1576 1882 obstaculo,
1623 1849 1670 1873 ne
1715 1845 1825 1884 regat

514 1892 719 1927 actualiter
751 1892 1062 1940 delinquentem,
1096 1895 1162 1929 sed
1197 1906 1286 1929 curn
1320 1893 1493 1930 sciencia
1524 1901 1561 1930 et
1591 1893 1826 1941 ignorancia

515 1949 699 1985 dicantur
722 1951 771 1985 ad
796 1951 961 1999 aliquid,
996 1958 1154 1999 oportet
1175 1951 1340 1987 ulterius
1364 1952 1620 1988 considerare
1653 1965 1822 2000 quorum

515 2008 633 2042 habet
665 2017 853 2054 peccator
885 2008 1179 2057 ignoranciam:
1219 2008 1250 2044 si
1283 2018 1374 2045 sunt
1407 2011 1454 2046 de
1485 2021 1653 2045 numero
1687 2022 1823 2047 eorum
1843 2016 1884 2048 30

515 2077 591 2112 que
624 2073 715 2100 sunt
759 2078 781 2102 a
814 2068 898 2102 Deo
938 2075 1127 2114 precepta
1170 2066 1251 2103 sive
1295 2067 1495 2115 prohibita
1539 2068 1599 2103 vel
1642 2080 1744 2113 non3
1789 2076 1827 2105 et

515 2121 747 2169 ignorancia
793 2125 895 2160 circa
940 2124 1036 2161 talia
1081 2136 1155 2173 que
1188 2133 1280 2160 sunt
1314 2126 1500 2161 mandata
1534 2125 1622 2171 Dei,
1661 2125 1824 2162 virtutes

516 2188 552 2215 et
580 2179 679 2216 vicia
707 2193 787 2217 non
816 2191 974 2218 excusat
1002 2181 1237 2230 simpliciter
1268 2183 1337 2218 sed
1369 2190 1543 2228 accusat,
1577 2195 1666 2219 cum
1701 2184 1823 2219 homo

515 2238 630 2273 debet
663 2239 809 2274 habere
841 2239 1072 2287 ignorancie
1103 2240 1160 2276 illi
1193 2241 1424 2288 oppositum
1459 2249 1496 2277 et
1529 2241 1604 2277 hoc
1627 2242 1697 2277 sub
1721 2253 1825 2289 pena

517 2295 708 2342 mortalis⁷
744 2309 831 2332 cum
866 2297 1009 2335 caritas
1041 2297 1073 2334 si
1107 2297 1208 2335 inest
1242 2299 1358 2335 docet
1390 2298 1595 2335 hominem
1630 2300 1712 2334 Deo
1746 2311 1824 2334 ser-
1842 2303 1881 2337 35

516 2352 657 2389 viendo
690 2354 866 2401 diligere.
901 2357 1015 2392 Unde
1047 2355 1176 2392 infans
1210 2356 1249 2392 in
1282 2356 1481 2404 baptismo
1507 2355 1650 2392 dicitur
1679 2357 1825 2393 habere

516 2410 689 2447 infusum
714 2412 894 2448 habitum
927 2415 1182 2450 excedentem
1206 2414 1324 2450 istam
1355 2413 1628 2461 ignoranciam
1650 2426 1821 2451 crassam

517 2469 828 2516 dampnabilem.

574 2526 660 2562 Alia
694 2535 825 2563 autem
862 2537 917 2564 est
950 2528 1181 2576 ignorancia
1211 2529 1542 2577 inpertinencium
1568 2530 1618 2565 ad
1641 2529 1823 2579 salutem,

516 2591 559 2619 ut
592 2585 711 2620 multe
744 2585 1021 2623 conclusiones
1052 2588 1292 2624 doctrinales
1317 2596 1353 2623 et
1377 2588 1500 2623 multe
1523 2587 1628 2634 leges
1651 2588 1825 2623 humane
1838 2602 1883 2632 40

516 2650 609 2677 sunt
641 2642 852 2679 salubriter
883 2645 1081 2691 ignorate3
1130 2653 1167 2681 et
1210 2645 1442 2692 ignorancia
1474 2644 1613 2681 talium
1647 2657 1728 2681 non
1762 2657 1825 2681 ac-

586 2840 612 2867 2,
633 2832 659 2860 3.
680 2834 775 2861 Cod.:
796 2838 973 2870 respectum.
