2050 3292
241 200 330 228 cAP.
351 191 461 245 xxv]
709 202 841 233 Limia
870 203 1080 236 TER'HUS.

300 310 353 343 Ex
386 307 466 344 istis
500 315 606 355 patet
638 306 699 343 via
732 307 909 343 solvendi
934 307 1183 343 obiccciones
1213 315 1248 342 et
1271 306 1546 343 conclusiones

242 365 366 402 factas
399 365 439 401 in
472 365 545 400 ista
578 364 757 401 materia.
811 366 994 409 Querunt
1034 365 1136 400 enim
1172 364 1373 412 Pelagiani
1414 373 1545 400 utrum

244 423 378 459 anima
401 424 459 459 vel
483 435 574 459 caro
598 421 706 469 prius
732 422 905 458 inficitur
939 422 1121 469 originali
1155 430 1331 469 peccato.
1366 422 1405 457 Si
1439 434 1546 465 cam,

244 489 338 517 tunc
391 493 461 527 pro
513 480 580 515 illo
625 479 746 527 priori
800 488 937 526 peccat
990 492 1132 527 corpus
1178 479 1216 515 in
1261 479 1396 515 anima
1444 491 1548 514 mor·

212 537 375 575 §taliter
423 546 458 574 et
503 550 572 585 per
618 537 722 572 idem
769 549 886 572 omne
939 549 1038 584 opus
1091 538 1309 573 humanum
1364 545 1548 584 peccaret

244 595 467 631 mortaliter
499 595 558 631 vel
589 595 690 630 foret
723 603 930 642 peccatum
966 595 1146 631 mortale.
1200 593 1239 630 Si
1273 593 1420 639 anima,
1455 602 1548 629 tunc

243 665 314 699 pro
347 652 414 688 illo
447 651 571 699 priori
603 665 684 688 non
719 651 917 687 contrahit
949 660 1158 699 peccatum
1193 664 1213 687 a
1248 663 1428 698 corpore,
1462 651 1548 698 ipsa

242 718 444 746 crearetur
478 722 499 745 a
530 710 616 745 Deo
649 709 859 755 inmunda3
894 721 964 745 nee
997 709 1100 745 valet
1133 708 1337 756 sophisma
1372 708 1548 756 magistri

243 769 348 815 quod
382 767 488 802 Deus
533 776 640 803 creat
685 766 862 803 animam
910 767 1113 811 mundam,
1159 767 1226 802 sed
1273 765 1357 814 ipsa
1392 774 1548 802 creatur

190 825 448 871 ioinmunda,
484 837 573 861 cum
608 824 700 873 quia
734 825 1054 872 qualemcunque
1076 826 1182 859 Deus
1215 833 1322 859 creat
1356 823 1546 869 animam,

242 882 327 930 ipsa
360 891 517 919 creatur
549 895 570 918 a
593 884 677 918 Deo
710 890 747 918 et
780 894 849 930 per
882 893 1129 929 consequens
1161 881 1192 916 si
1227 890 1384 917 creatur
1416 894 1435 916 a
1466 883 1548 916 Deo

243 941 451 976 immunda
496 942 600 976 Deus
654 948 760 976 creat
812 952 897 975 eam
944 939 1209 984 immundam,
1264 947 1298 974 et
1344 938 1397 974 sic
1444 941 1547 974 Deus

242 1000 485 1046 approbaret
529 999 636 1045 quod
681 999 800 1033 homo
846 1005 983 1044 peccet
1029 996 1261 1042 mortaliter,
1309 1005 1348 1031 ut
1396 995 1547 1031 videtur

242 1057 456 1092 Doctorem
483 1055 727 1091 Profundum
752 1054 900 1101 dicere3
935 1063 1019 1090 tum
1055 1054 1180 1090 eciam
1213 1054 1243 1089 si
1268 1055 1371 1089 Deus
1402 1053 1547 1089 creavit

190 1113 367 1161 15ipsam
404 1115 609 1160 mundam,
654 1122 747 1149 tunc
781 1112 867 1160 ipsa
900 1125 972 1159 pro
1005 1124 1076 1148 suo
1110 1111 1240 1159 primo
1280 1110 1443 1147 instanti
1478 1110 1548 1146 fuit

244 1173 412 1217 munda3
447 1180 483 1207 et
516 1171 724 1207 tolleretur
756 1182 874 1206 omne
906 1169 1101 1217 originale
1134 1177 1357 1216 peccatum.
1398 1170 1439 1203 In
1473 1168 1548 1203 ista

244 1228 409 1265 materia
453 1241 533 1265 non
578 1237 736 1276 oportet
782 1227 1035 1264 considerare
1070 1226 1321 1274 prioritatem
1356 1225 1548 1272 temporis

241 1286 281 1322 in
325 1299 404 1334 qua
448 1287 572 1323 altera
619 1286 784 1322 istarum
831 1293 1065 1321 naturarum
1112 1284 1221 1331 prius
1255 1292 1394 1331 peccat
1428 1295 1547 1331 quam

242 1343 407 1392 reliqua,
443 1343 533 1392 quia
566 1356 638 1391 pro
671 1356 750 1391 quo
783 1342 947 1378 instanti
981 1354 1064 1378 esse
1097 1341 1305 1389 utriusque
1339 1349 1376 1376 et
1408 1348 1548 1376 nature

186 1401 464 1449 2ocomposite
508 1409 648 1449 peccat
691 1400 940 1447 originaliter
984 1398 1189 1447 quodlibet
1234 1400 1376 1435 horum
1411 1398 1546 1447 trium,

241 1459 335 1506 quia
380 1471 552 1506 persona
596 1457 768 1494 hominis
812 1469 888 1506 que
933 1466 990 1493 est
1035 1456 1263 1493 communis
1316 1457 1364 1492 ad
1409 1468 1548 1491 eorum

242 1516 449 1564 quodlibet
481 1526 575 1553 tunc
607 1516 662 1553 sic
695 1524 853 1564 peccat3
898 1516 1100 1563 loquendo
1140 1523 1272 1550 autem
1312 1522 1468 1549 extense
1501 1514 1548 1549 de

123 1580 205 1611 231²
243 1573 450 1622 prioritate
493 1583 636 1611 nature
680 1583 722 1609 ut
766 1573 862 1609 dicit
906 1572 1114 1620 analogice
1142 1573 1147 1620 Ι
1176 1571 1455 1608 causacionem
1489 1572 1550 1607 vel

242 1632 585 1677 consecucionem⁷
631 1631 685 1667 sic
718 1630 874 1668 videtur
917 1630 1035 1666 michi
1086 1630 1403 1675 concedendum,
1456 1628 1550 1676 quia

186 1693 412 1738 25persona
464 1689 636 1726 hominis
689 1690 907 1725 secundum
959 1697 1144 1724 naturam
1193 1686 1457 1735 compositam
1506 1698 1547 1722 ex

242 1759 410 1795 corpore
444 1757 480 1784 et
513 1747 647 1784 anima
682 1746 790 1794 prius
822 1745 1059 1782 naturaliter
1092 1754 1229 1793 peccat
1259 1757 1378 1792 quam
1405 1756 1546 1791 corpus

243 1805 301 1842 vel
334 1805 479 1847 anima,
525 1805 617 1853 quia
651 1805 753 1841 sicut
787 1803 971 1840 meritum
1014 1803 1067 1839 sic
1109 1813 1144 1838 et
1177 1801 1415 1838 demeritum
1451 1800 1549 1837 inest

243 1863 372 1911 primo
407 1875 475 1911 per
508 1875 547 1899 se
580 1864 797 1899 secundum
834 1870 1017 1897 naturam
1053 1860 1267 1906 i11tegrani;
1312 1868 1349 1895 et
1386 1857 1549 1894 ulterius

242 1921 397 1957 videtur
450 1920 569 1957 michi
623 1921 731 1968 quod
784 1919 892 1967 prius
943 1917 1179 1954 naturaliter
1231 1925 1370 1965 peccat
1415 1916 1549 1952 anima

186 1983 361 2027 30quam
398 1990 555 2026 corpus,
595 1979 702 2026 quod
737 1986 794 2013 est
839 1989 930 2024 pars
963 1975 1197 2024 qualitativa
1236 1973 1422 2020 hominis,
1456 1974 1549 2022 quia

242 2037 303 2087 sic
342 2036 477 2073 anima
521 2044 660 2084 peccat
703 2034 948 2082 originaliter
980 2045 1022 2070 ex
1055 2033 1202 2069 unione
1235 2041 1374 2069 nature
1406 2031 1549 2067 infecte

243 2094 281 2131 in
314 2102 492 2142 parente,
538 2106 627 2130 cum
661 2092 729 2129 illa
762 2092 810 2129 sit
843 2100 985 2128 natura
1018 2090 1202 2137 carnalis,
1248 2098 1387 2138 peccat
1430 2088 1550 2136 origi-

242 2152 385 2189 naliter
429 2164 472 2189 ex
516 2150 800 2199 personalitate
832 2162 951 2198 quam
987 2148 1188 2185 contrahit
1221 2149 1269 2184 ab
1319 2146 1468 2192 anima,
1514 2155 1550 2182 et

242 2210 298 2246 sic
329 2222 409 2246 una
442 2217 498 2245 est
530 2218 722 2257 tanquam
757 2220 877 2244 causa
922 2205 1142 2243 materialis
1180 2213 1216 2241 et
1248 2205 1326 2242 alia
1357 2212 1548 2252 tanquam

187 2270 364 2304 35causa
413 2266 591 2303 formalis
650 2265 867 2302 extrinseca
919 2263 1085 2312 peccati,
1147 2264 1255 2310 prius
1307 2271 1441 2300 tamen
1493 2270 1549 2297 est

242 2334 459 2373 utrumque
492 2336 628 2360 eorum
664 2332 808 2360 natura
840 2331 1057 2370 antequam
1089 2328 1226 2358 causat
1262 2328 1484 2368 peccatum.

301 2385 348 2418 Et
386 2383 435 2418 ad
469 2380 765 2418 conclusionem
800 2393 878 2428 qua
915 2379 1096 2427 queritur
1128 2386 1262 2414 utrum
1299 2379 1403 2412 Deus
1442 2384 1549 2412 creat

243 2439 418 2476 animam
466 2439 656 2475 mundam
701 2438 761 2474 vel
804 2437 1071 2483 immundam,
1122 2435 1210 2472 dico
1255 2435 1362 2483 quod
1408 2433 1548 2481 duplex

243 2505 373 2545 potest
406 2509 489 2533 esse
523 2496 748 2532 intellectus
782 2494 996 2543 equivocus
1028 2493 1068 2529 in
1101 2492 1381 2541 proposicione
1415 2490 1548 2526 huius-

183 2569 228 2599 40
245 2555 370 2602 modi3
403 2556 462 2591 vel
496 2555 600 2603 quod
633 2556 738 2590 Deus
762 2552 853 2589 facit
876 2551 1051 2589 animam
1078 2563 1153 2599 que
1181 2559 1235 2586 est
1260 2549 1467 2585 immunda
1490 2548 1547 2584 vel

312 2696 336 2715 2.
353 2688 446 2715 Cod.:
467 2688 620 2722 Pelagius.
693 2696 722 2720 4.
739 2685 832 2714 Cod.:
854 2686 958 2713 anima
978 2692 1053 2712 cum.
1127 2683 1153 2710 8.
1176 2683 1343 2718 sophisma.
1361 2681 1453 2708 (ῥοάς
1470 2680 1547 2707 sola.

244 2722 287 2758 37.
309 2723 403 2750 Cant:
426 2726 535 2750 contra
556 2722 705 2757 queritur.

318 2804 365 2835 14.
394 2794 579 2825 Doctorem
612 2792 824 2823 Profundum
854 2802 898 2823 sc.
928 2789 1220 2822 Bradwardinam.

1751 195 1831 241 509

1581 314 1760 344 objections
1781 315 1815 341 ot*

1580 349 1630 375 tlie
1651 350 1810 383 Pelagians

1616 384 1788 411 answcrcd.
