2050 3292
211 662 235 682 2.
258 654 369 682 priests
383 653 418 681 of
435 654 484 681 the

272 689 370 716 house
390 688 425 715 of

287 726 407 752 Aaron.

262 1175 444 1203 Priesthood

237 1211 395 1238 instituted
418 1211 457 1246 by

287 1245 350 1272 Chr
354 1246 404 1272 ist.

236 1593 398 1620 Evolution
421 1592 455 1620 of

257 1629 307 1655 the
328 1628 436 1663 higher

252 1663 441 1698 priestliood.

261 1871 438 1900 Aristotles

227 1907 386 1955 cquiVocal
407 1915 462 1934 use

228 1945 261 1968 ot
283 1942 385 1969 ‘State
407 1942 466 1969 and

275 1976 418 2003 ‘citizen.

930 263 990 294 nr,
1018 262 1155 294 Clvnii
1182 262 1394 295 DOMINIO.
1599 251 1712 306 [CAP.
1730 260 1814 290 xxr

500 367 640 405 habuit
672 368 872 416 duplicem
906 367 1096 405 visionem
1129 369 1301 414 Joh.1V,
1325 380 1397 418 32:
1431 369 1521 420 Ego
1546 369 1669 405 cibum
1695 370 1813 406 habeo
1855 373 1882 404 L

501 427 738 462 manducare
769 439 878 475 quem
912 438 979 462 vos
1010 426 1182 471 nescz'tz's;
1225 427 1358 475 quoad
1396 436 1547 464 sextum
1587 429 1709 464 habet
1746 429 1814 464 du-

500 484 643 532 plicem
703 485 1001 529 beatitudinem,
1059 485 1277 521 increatam
1335 484 1484 521 scilicet
1543 494 1579 521 et
1638 493 1812 521 creatam

500 543 623 578 Hebr.
658 544 684 587 Ι,
718 553 762 590 4:
803 543 923 578 Tanto
962 542 1102 578 melior
1139 543 1294 590 effectus
1331 543 1495 592 angsselzs
1535 550 1675 591 quanto
1709 543 1814 591 dtffe-

500 600 654 636 rencius
686 612 820 636 nomen
847 612 923 649 pie
955 600 1032 635 i'llzs
1065 600 1308 636 lzereclitanfflt
1833 604 1848 636 5

557 658 764 694 Secundus
795 658 942 705 gradus
980 657 1200 694 sacerdocii
1233 657 1461 695 distinccior
1500 657 1573 694 fuit
1604 665 1695 706 post
1726 669 1816 706 pre-

497 715 788 751 varicacionem
814 714 983 752 aliarum
1018 714 1195 751 tribuum
1219 716 1269 751 ad
1292 717 1438 752 tribum
1464 717 1554 752 Levi
1578 714 1814 760 derivatum,

498 774 563 809 ubi
596 781 731 810 tamen
762 775 900 809 Aaron
934 780 970 809 et
1001 772 1258 821 primogeniti
1296 773 1356 810 sui
1395 786 1441 810 ac
1474 786 1638 809 suorum
1678 773 1815 821 funge-

499 840 637 867 rentur
670 830 901 867 sacerdocio
934 843 1069 867 coram
1095 833 1192 876 Deo,
1227 839 1270 867 ut
1302 839 1410 879 patet
1432 832 1553 869 Exod.
1576 831 1745 877 XXVIII,
1780 839 1817 867 et

497 890 536 924 in
568 890 710 937 quibus
742 889 814 924 fuit
845 888 995 925 rituum
1030 889 1234 937 multiplex
1258 888 1462 925 distinccio
1485 890 1740 926 sacerdotum
1765 889 1814 925 ab
1835 902 1874 924 10

498 945 587 993 hiis,
612 955 655 983 ut
678 955 788 995 patet
811 946 958 983 ibidem
982 947 1106 984 Exod.
1129 947 1286 983 XXVIII
1308 955 1346 983 et
1368 949 1406 982 in
1429 959 1617 995 processu
1642 946 1815 985 Levitici.

498 1005 577 1040 Illis
608 1014 745 1040 tamen
777 1003 887 1041 licuit
919 1016 1100 1052 pugnare
1133 1012 1171 1040 et
1203 1003 1306 1040 filios
1335 1003 1339 1053 Ι
1368 1017 1592 1052 procreare,
1630 1012 1674 1040 ut
1706 1012 1815 1052 patet
1866 1011 1943 1050 177⁵

496 1062 600 1098 libro
645 1063 971 1106 Machabeorum,
1017 1070 1054 1098 et
1099 1064 1220 1099 Levit.
1253 1063 1337 1098 XXI
1381 1071 1567 1099 narratur
1610 1061 1815 1111 quomodo

497 1119 693 1168 virginem
728 1121 920 1156 ducerent
953 1122 988 1156 in
1022 1132 1201 1156 uxorem.

555 1178 721 1215 Tercius
753 1180 899 1226 gradus
933 1177 1256 1214 distinctissimus
1290 1186 1348 1214 est
1379 1179 1635 1215 sacerdotum
1669 1176 1816 1214 Christi
1836 1181 1872 1214 15

497 1245 680 1284 tempore
719 1237 863 1287 gracie,
902 1237 968 1271 ubi
1001 1236 1118 1272 debet
1156 1247 1240 1272 esse
1275 1238 1445 1272 maxima
1477 1237 1681 1272 distinccio
1713 1237 1816 1272 inter

499 1295 749 1331 sacerdotem
790 1302 827 1330 et
866 1294 1058 1342 populum
1093 1295 1228 1342 quoad
1261 1306 1404 1339 mores,
1443 1295 1543 1330 sicut
1574 1295 1712 1342 recipit
1744 1305 1813 1341 po-

496 1360 681 1389 testatem
727 1351 977 1388 ministrandi
1013 1360 1274 1388 sacramenta
1317 1352 1423 1388 ultra
1461 1352 1689 1388 sacerdotes
1722 1360 1815 1387 ante

496 1410 625 1458 legem
657 1410 718 1447 vel
751 1410 978 1446 sacerdotes
1011 1410 1083 1445 sub
1115 1410 1212 1457 lege,
1248 1418 1285 1446 et
1318 1411 1450 1457 gracia
1478 1410 1605 1446 infusa
1628 1409 1814 1457 supplere

498 1469 616 1505 debet
660 1476 902 1505 senectutem
950 1467 988 1503 in
1034 1469 1213 1504 moribus
1257 1469 1363 1505 iuxta
1400 1467 1497 1503 illud
1530 1469 1556 1506 Ι,
1578 1467 1712 1503 Thim.
1739 1496 1748 1505 .
1774 1480 1874 1503 ..20

497 1527 621 1562 Nemo
664 1526 969 1562 adolescenciam
1015 1533 1118 1561 tuam
1163 1533 1341 1574 supet-cn,-
1390 1527 1489 1561 sicut
1541 1524 1646 1561 enim
1693 1525 1815 1561 homo

497 1583 711 1620 carnaliter
733 1592 967 1632 procreatus
990 1585 1119 1631 primo
1143 1584 1262 1619 habet
1286 1585 1467 1619 membra
1492 1583 1654 1619 confuse
1676 1582 1815 1620 limata

499 1651 537 1678 et
568 1654 640 1690 per
671 1654 902 1690 processum
935 1643 1127 1689 temporis
1159 1641 1262 1677 inter
1295 1654 1335 1677 se
1373 1642 1538 1677 invicem
1574 1649 1611 1677 et
1643 1654 1666 1677 a
1697 1642 1815 1677 rebus

499 1701 582 1736 aliis
605 1701 914 1749 distinguuntur⁷
948 1701 999 1735 ita
1023 1711 1145 1747 genus
1168 1698 1389 1736 sacerdotis
1412 1710 1602 1747 processu
1625 1700 1816 1747 temporis

500 1758 717 1794 succedens
754 1765 915 1806 oportet
952 1758 991 1793 in
1030 1758 1171 1793 virtute
1209 1757 1391 1805 distingui
1430 1758 1478 1793 ab
1518 1756 1603 1793 aliis
1647 1765 1684 1793 et
1728 1757 1816 1805 plus
1832 1758 1872 1791 25

500 1816 783 1864 postponendo
816 1815 995 1852 seculum
1029 1816 1079 1851 ad
1112 1815 1270 1852 celestia
1304 1815 1429 1851 instar
1461 1816 1598 1863 capitis
1627 1815 1814 1862 aspirare.

559 1875 637 1910 Sed
661 1881 800 1910 contra
825 1872 1006 1921 arguitur
1034 1873 1308 1921 philosophice
1342 1881 1378 1909 et
1410 1871 1656 1921 theologice3
1690 1873 1816 1921 philo-

500 1932 661 1980 sophice
700 1931 740 1967 in
779 1932 868 1977 hoc,
909 1932 1017 1979 quod
1054 1932 1285 1967 Aristoteles
1318 1932 1365 1967 III
1400 1931 1551 1968 Politic.
1592 1929 1769 1978 capitulo
1803 1932 1815 1965 I

501 1990 640 2038 excipit
672 2000 785 2026 senes
818 2002 841 2025 a
873 1988 1071 2035 civilitate,
1104 1990 1142 2024 in
1175 1990 1344 2037 septimo
1376 1996 1510 2025 autem
1543 1987 1657 2037 ponit
1686 2000 1817 2024 sacer-

501 2048 613 2084 dotes
638 2059 738 2096 quos
761 2048 878 2083 docet
901 2048 1044 2083 debere
1068 2058 1151 2083 esse
1175 2046 1214 2082 in
1246 2046 1387 2082 ultima
1420 2054 1523 2082 etate
1556 2058 1639 2083 esse
1661 2054 1815 2094 partem
1832 2050 1875 2083 30

500 2104 733 2153 precipuam
781 2106 964 2151 civitatis3
1010 2104 1077 2141 sed
1114 2105 1175 2140 vel
1219 2103 1399 2152 intelligit
1443 2116 1556 2140 senes
1594 2104 1817 2140 insensatos

500 2164 561 2198 vel
583 2164 738 2199 laborat
760 2164 798 2198 in
822 2162 1025 2210 equivocis
1049 2163 1096 2198 de
1120 2161 1278 2198 civitate
1302 2171 1339 2198 et
1373 2161 1534 2198 civibus.
1568 2163 1676 2198 Sicut
1709 2161 1815 2198 enim

501 2229 559 2256 est
581 2221 675 2257 dare
697 2221 736 2256 in
757 2220 909 2257 viatore
932 2219 1164 2257 felicitatem
1191 2219 1391 2268 duplicem
1417 2219 1568 2255 scilicet
1596 2218 1816 2267 practicam

501 2287 538 2314 et
560 2277 861 2326 speculativam,
886 2278 942 2314 sic
965 2285 1023 2315 est
1046 2279 1140 2314 dare
1163 2277 1267 2315 cives
1297 2287 1334 2314 et
1358 2276 1558 2314 civitatem
1594 2273 1816 2328 dupliceml

502 2337 900 2385 correspondentem.
936 2335 1117 2372 Felicitas
1150 2335 1258 2372 enim
1292 2347 1335 2371 ex
1365 2336 1489 2371 VIImo
1522 2333 1727 2371 Politicor.
1761 2342 1820 2370 est
1862 2335 1939 2380 177b

500 2406 571 2442 per
615 2406 656 2430 se
701 2394 791 2430 finis
835 2393 1025 2439 civitatis3
1069 2395 1107 2429 in
1154 2393 1470 2441 congregacione
1509 2392 1645 2441 itaque
1676 2393 1818 2428 civium

501 2453 567 2499 qui
611 2460 702 2488 sunt
746 2451 874 2488 active
916 2453 993 2488 vite
1035 2452 1096 2488 vel
1140 2451 1251 2499 praxi
1296 2452 1559 2495 intendentes,
1604 2462 1685 2486 non
1726 2457 1818 2486 sunt

501 2511 729 2546 sacerdotes
761 2510 822 2546 vel
866 2511 1062 2558 prophete
1106 2516 1239 2557 partes
1278 2508 1532 2556 integrantes.
1585 2509 1628 2544 In
1661 2507 1817 2544 civitate

499 2580 593 2604 vero
616 2568 953 2616 speculativorum
970 2567 1032 2605 vel
1055 2569 1203 2603 mixtim
1228 2579 1272 2603 ex
1300 2567 1551 2615 speculativis
1574 2573 1612 2602 et
1634 2567 1817 2614 practicis

501 2634 592 2662 sunt
641 2626 869 2662 sacerdotes
922 2634 959 2662 et
1010 2626 1207 2674 prophete
1258 2626 1460 2673 precipue,
1508 2624 1597 2661 ideo
1642 2634 1735 2671 sepe
1779 2624 1876 2669 in40

570 2791 610 2812 21.
632 2784 727 2813 Cod.:
747 2792 845 2813 suam.

573 2877 626 2901 21.
652 2867 674 2901 Ι.
702 2867 794 2900 Tim.
821 2867 877 2909 IV,
905 2876 957 2910 14.
1052 2866 1105 2902 28.
1134 2868 1216 2910 Cap.
1236 2867 1312 2900 VIII
1341 2873 1374 2900 et
1399 2867 1440 2900 X.
