2050 3292
201 217 284 266 640

210 744 239 771 A
260 742 371 778 bishop
392 742 462 769 who

263 778 338 804 does
358 782 412 804 not

274 812 399 839 enforce

258 847 420 881 discipline

234 881 437 951 mlissiffv‘ssdle

275 1205 329 1232 Yet
348 1206 397 1232 the

242 1241 433 1268 wickedness

916 227 974 259 DE
1002 228 1139 259 CIVILI
1166 228 1374 259 DOMINIO.
1553 216 1663 269 [CAR
1680 225 1801 252 XXVII.

488 332 628 379 dictas,
661 342 704 369 ut
736 333 831 369 dicit
857 332 1080 369 Hostiensis
1105 335 1170 369 1110
1194 333 1451 369 decretalium
1476 334 1534 369 De
1567 332 1733 369 decimis
1766 342 1804 369 et

488 390 796 438 Oblacionibus3
843 390 1024 439 quamvis
1065 390 1169 427 enim
1204 390 1523 427 Archidiaconus
1557 390 1664 426 dicat
1695 392 1805 438 quod

487 449 588 484 dura
627 448 677 484 sit
713 448 780 485 illa
818 448 1035 494 sentencia,
1079 457 1216 484 tamen
1254 448 1411 484 videtur
1450 449 1712 494 concordare,
1758 460 1804 484 eo

487 508 596 553 quod
619 506 687 553 qui
720 519 801 542 non
833 506 928 543 facit
960 506 1154 552 officium,
1188 518 1267 542 non
1302 506 1417 542 debet
1449 505 1656 553 percipere
1688 507 1805 542 bene-

488 563 635 602 ficium.
689 565 737 599 Et
774 572 883 611 patet
922 576 966 600 ex
1004 563 1167 600 racione
1206 563 1402 611 scripture
1442 563 1604 599 racione
1637 563 1805 611 periculi

487 620 577 658 talis
600 621 733 658 clerici
760 623 866 670 quod
889 623 1005 658 debet
1025 621 1081 658 sic
1103 621 1248 669 puniri,
1268 621 1361 657 licet
1382 634 1488 669 papa
1504 621 1803 669 dampnabitur,

488 681 595 727 quod
627 679 800 716 scienter
831 679 952 716 faciat
975 680 1075 716 tales
1099 691 1238 715 omnes
1260 679 1430 715 transire
1454 681 1492 714 in
1516 691 1654 726 penaS.
1690 680 1805 716 Unde

487 738 626 773 beatus
650 738 877 785 Gregorius,
907 746 951 773 ut
974 737 1165 774 recitatur
1189 737 1383 773 LXXXIII
1406 736 1682 782 distinccione,
1713 736 1807 773 dicit

487 796 594 843 quod
609 795 643 831 si
655 795 737 841 quis
751 795 1019 845 episcoporum
1030 795 1299 844 sornicacioni
1317 795 1548 831 clericorum
1571 795 1806 831 consenserit

488 911 598 947 debet
628 911 813 960 suspendi
853 924 875 946 a
912 923 980 947 suo
1013 911 1167 961 officio,·
1210 923 1286 959 que
1330 910 1539 958 suspensio
1584 911 1803 947 secundum

487 968 837 1016 Archidyaconum
885 970 1001 1005 debet
1047 981 1129 1005 esse
1173 977 1369 1017 perpetua
1413 968 1644 1016 equivalens
1685 970 1806 1016 depo-

488 1025 630 1062 sicioni
653 1035 819 1074 propter
833 1026 1112 1063 vendicionem
1134 1026 1304 1076 iusticie,
1327 1034 1371 1062 ut
1392 1026 1519 1063 tercio
1534 1025 1806 1063 Decretalium

488 1085 546 1119 De
570 1084 884 1121 Cohabitacione
915 1084 1151 1121 clericorum
1186 1093 1224 1121 et
1257 1084 1484 1131 mulierum,
1518 1085 1584 1120 ubi
1615 1092 1808 1120 notantur

488 1151 568 1178 tres
600 1154 715 1179 casus
749 1142 1027 1190 deposicionis,
1063 1155 1235 1191 quorum
1268 1142 1342 1179 iste
1375 1151 1432 1178 est
1464 1155 1580 1180 unuS.

546 1202 628 1236 Nec
668 1202 781 1237 obest
818 1200 882 1237 isti
915 1200 1162 1237 correccioni
1202 1200 1299 1248 quin
1333 1200 1426 1236 mali
1457 1199 1608 1236 faciant
1641 1201 1805 1245 bonum,

200 1275 235 1303 of
256 1277 307 1303 the
333 1275 474 1303 minister
489 1270 579 1293 cum
613 1260 819 1305 prodesset
851 1258 978 1296 eciam
1014 1259 1141 1295 malus
1173 1259 1296 1294 homo
1328 1258 1428 1304 aliis,
1463 1257 1588 1294 eciam
1614 1257 1807 1305 dyabolus

265 1311 339 1337 does
358 1316 413 1338 not

242 1350 369 1380 prevent
387 1346 438 1373 the

224 1380 345 1407 faithful
367 1381 447 1408 from

258 1415 413 1450 profiting,

488 1315 700 1352 occasione
737 1316 1021 1365 temptacionis
1059 1325 1283 1364 superatus.
1336 1318 1438 1352 Nam
1478 1315 1570 1352 licet
1601 1328 1643 1352 se
1674 1315 1805 1363 ipsum

488 1373 759 1421 dampnificet,
804 1383 941 1411 tamen
973 1372 1181 1423 tamquam
1217 1374 1399 1422 publicus
1433 1373 1614 1410 minister
1645 1373 1807 1421 prodest

489 1460 627 1469 .....
664 1444 733 1479 per
766 1432 949 1469 accidens
984 1432 1199 1469 exorando.
1245 1431 1406 1468 Malicia
1439 1432 1602 1480 quidem
1637 1431 1806 1468 ministri

488 1502 570 1525 non
598 1490 602 1536 Ι
631 1489 769 1536 officit,
804 1490 900 1538 quin
933 1492 1038 1527 dona
1070 1490 1233 1526 Domini
1266 1489 1422 1538 prosint
1453 1489 1601 1537 dignis,
1648 1498 1685 1526 et
1715 1489 1806 1525 ideo

491 1547 647 1595 expedit
671 1548 960 1596 multipliciter,
995 1548 1120 1585 eciam
1148 1549 1255 1596 quod
1277 1547 1440 1596 presciti
1465 1556 1573 1584 extra
1596 1547 1804 1584 caritatem

488 1604 638 1641 faciunt
686 1618 809 1653 opera
854 1608 958 1643 bona
1003 1608 1051 1643 de
1096 1618 1252 1656 genere,
1297 1607 1387 1643 licet
1431 1606 1563 1642 taliter
1601 1606 1806 1653 operando

488 1672 661 1699 noceant
708 1663 782 1700 sibi
828 1663 934 1712 ipsis.
988 1666 1036 1700 Et
1080 1673 1122 1700 ut
1168 1663 1288 1700 michi
1333 1663 1500 1709 videtur,
1548 1663 1669 1699 nichil
1712 1671 1807 1699 tunc

489 1730 692 1757 merentur
729 1723 797 1759 sed
835 1722 1077 1759 iniuriantur
1114 1722 1211 1758 vivis
1244 1730 1282 1758 et
1315 1723 1501 1769 mortuis,
1549 1720 1642 1758 licet
1673 1729 1806 1757 autem

488 1779 641 1827 prosint
672 1792 743 1827 per
775 1779 974 1827 accidens,
1008 1789 1144 1817 tamen
1176 1781 1295 1828 longe
1329 1779 1460 1816 minus
1482 1792 1602 1827 quam
1628 1779 1808 1816 adhibita

489 1837 760 1885 correpcione.
794 1839 897 1874 Tam
921 1851 1073 1886 pronus
1097 1846 1153 1874 est
1187 1838 1291 1874 enim
1323 1840 1428 1874 Deus
1461 1846 1505 1873 ut
1535 1839 1685 1874 bonum
1719 1849 1807 1885 per-

489 1895 597 1931 ficiat
655 1897 762 1944 quod
821 1896 1007 1932 meritum
1073 1895 1240 1933 ecclesie
1293 1895 1504 1932 militantis
1554 1895 1712 1932 videtur
1763 1907 1808 1931 ex

489 1953 691 1990 sentencia
737 1954 951 2002 Augustini
996 1953 1258 1990 Enchiridion
1302 1954 1352 1989 IX
1403 1966 1443 1990 se
1496 1954 1705 1990 extendere
1757 1954 1808 1989 ad

490 2011 748 2059 dampnatos;
781 2012 874 2049 licet
906 2011 1010 2048 enim
1045 2024 1164 2048 nemo
1197 2020 1397 2048 mereatur
1419 2012 1471 2047 eis
1501 2011 1805 2056 beatitudinem,

491 2081 580 2105 cum
620 2078 779 2117 oportet
818 2070 916 2106 illud
950 2070 1137 2107 meritum
1170 2069 1345 2117 incipere
1386 2082 1408 2105 a
1440 2081 1481 2105 se
1513 2068 1624 2117 ipsis,
1671 2077 1808 2105 tamen

492 2126 676 2163 meritum
724 2128 888 2164 ecclesie
926 2127 1033 2175 facit,
1079 2129 1187 2176 quod
1222 2127 1360 2164 micius
1392 2126 1627 2175 puniuntur.
1680 2126 1808 2164 Aliter

490 2185 593 2221 enim
628 2186 761 2233 plures
795 2187 1114 2234 dampnarentur
1146 2194 1184 2223 et
1217 2185 1469 2222 consorcium
1494 2184 1804 2233 dampnatorum

491 2243 819 2291 dampnificando
864 2256 905 2280 se
949 2243 1119 2280 invicem
1165 2243 1260 2280 facit
1304 2256 1344 2279 se
1388 2243 1587 2291 penaliter
1621 2243 1806 2292 desolari,

490 2302 589 2336 sicut
634 2310 745 2349 patet
789 2302 835 2338 de
881 2301 1002 2338 divite
1045 2302 1200 2349 sepulto
1244 2301 1285 2337 in
1327 2301 1494 2347 inferno,
1541 2300 1633 2349 quia
1667 2301 1807 2337 exinde

491 2358 643 2406 rogavit
664 2360 868 2396 Abraham
902 2372 950 2395 ne
984 2360 1124 2396 fratres
1156 2359 1217 2396 sui
1249 2359 1429 2395 venirent
1461 2358 1502 2394 in
1536 2360 1640 2395 hunc
1673 2360 1805 2395 locum

490 2424 784 2453 tormentorum
834 2420 928 2456 Luc.
966 2419 1063 2456 XVI.
1115 2419 1230 2454 Unde
1273 2418 1518 2465 Augustinus
1562 2418 1628 2452 ubi
1672 2429 1806 2464 supra,

490 2483 704 2523 postquam
763 2475 937 2512 distinxit
990 2477 1038 2512 de
1093 2476 1208 2512 valde
1263 2474 1377 2512 bonis
1435 2483 1471 2511 et
1521 2475 1636 2511 valde
1692 2474 1807 2511 malis

561 2628 600 2653 17.
622 2620 718 2648 Cod.:
739 2620 900 2653 prodesset
920 2620 1010 2647 enim.
1084 2627 1126 2654 19.
1149 2619 1245 2648 Cod.:
1264 2620 1380 2655 prodes
1396 2640 1494 2647 .....
1517 2619 1651 2654 spatium
1674 2619 1805 2647 duarum

492 2654 640 2682 linearum
663 2659 691 2682 et
710 2654 856 2682 dimidiae
876 2662 1021 2682 vacuum.
1094 2662 1140 2689 29.
1162 2654 1288 2682 Enchir.
1308 2655 1351 2682 IX
1369 2654 1482 2682 rectius
1502 2659 1534 2682 ut
1555 2662 1649 2689 supra
1670 2655 1734 2682 CX.

567 2749 592 2769 1.
626 2738 688 2769 Est
718 2743 756 2769 ut
786 2739 925 2770 videtur
955 2738 1096 2771 Archid.
1130 2749 1234 2780 super
1265 2739 1368 2770 Sexto
1401 2739 1534 2771 Decret.
1655 2738 1686 2771 8.
1719 2739 1805 2770 Dist.

494 2784 670 2827 LXXXIII,
710 2794 783 2826 cap.
823 2786 843 2824 l,
882 2785 943 2816 sed
988 2796 1060 2816 non
1104 2795 1143 2816 ex
1182 2786 1362 2817 autoritate
1400 2785 1490 2817 beati
1531 2785 1688 2826 Gregorii
1744 2785 1804 2816 sed

495 2830 653 2871 Gregorii
680 2831 753 2862 Vll.

481 865 600 901 prece
643 853 703 889 vel
735 853 870 902 precio
909 866 982 890 non
1022 853 1272 903 inpugnando
1311 853 1542 889 auctoritate
1584 853 1646 889 sui
1687 852 1862 902 officiim

1827 1146 1863 1179 15

1845 1205 1877 1235 M

1823 1444 1864 1466 20

1847 1491 1928 1524 258d

1824 1724 1864 1756 25

1825 2017 1865 2048 30

1824 2304 1863 2338 35
