2050 3292
229 211 311 249 626
949 218 1008 249 DE
1037 218 1173 249 C1V1111
1201 218 1410 250 DOMiNio.
1589 208 1696 259 [CAP.
1712 215 1837 244 xxvn.

520 334 557 362 et
589 324 669 362 suis
702 323 907 372 apostolis,
944 323 1027 372 pati
1060 336 1183 372 penas
1217 332 1253 360 et
1281 323 1499 371 obprobria
1522 337 1596 372 pro
1621 324 1835 372 magistr03

519 396 590 432 per
621 383 727 431 ipsos
760 394 854 418 vero
887 381 1054 418 ecclesia
1087 381 1291 429 religionis
1315 381 1487 429 sumpsit
1508 381 1729 421 exordium.
1762 384 1838 419 Per

519 450 668 479 sextum
703 441 883 486 verbum,
923 439 1074 476 scilicet
1105 440 1224 475 Pater
1255 440 1291 475 in
1325 452 1462 476 manus
1494 447 1581 476 tuas
1612 441 1838 476 commendo

519 499 697 549 spiritum
731 511 871 548 meum,
911 499 1020 546 quod
1052 497 1239 533 scribitur
1272 498 1378 533 Luce
1410 498 1544 542 XXIII,
1578 499 1645 543 46,
1679 498 1839 546 fugatur

519 557 719 605 superbia,
766 555 860 605 quia
889 554 894 606 Ι
922 567 1011 593 vere
1055 555 1293 591 humilitatis
1338 564 1396 592 est
1427 555 1622 592 indicium
1655 555 1838 603 proicere
1880 560 1961 600 254¹*

520 627 631 663 spem
678 613 884 651 christiani
930 613 970 649 in
1004 613 1238 650 Dominum.
1294 615 1367 649 Per
1411 613 1626 662 septimum
1672 615 1836 650 verbum

519 673 686 710 scilicet:
726 672 1002 709 Consumatum
1037 679 1105 721 est,
1152 672 1260 720 quod
1294 670 1483 708 scribitur
1514 672 1601 708 Joh.
1635 672 1734 717 XIX,
1772 671 1836 718 30,

520 731 679 779 fugatur
723 729 960 767 insanabilis
1000 729 1174 766 avaricia
1208 742 1284 777 que
1316 729 1443 766 nescit
1482 729 1836 766 consumacionem

519 788 626 825 iuxta
663 788 761 825 illud
793 788 897 825 Eccl.
929 788 975 834 V,
1010 800 1054 837 9:
1099 787 1257 824 Avarus
1295 800 1368 823 non
1407 788 1628 836 implebitur
1660 788 1836 837 pecunia,

520 854 555 883 et
577 847 641 895 qui
662 854 768 882 amat
791 845 964 891 divicias,
986 846 1151 894 fructus
1173 858 1246 882 non
1270 845 1391 894 capiet
1413 858 1463 882 ex
1485 846 1550 882 eis.
1583 846 1680 893 Spes
1703 846 1838 894 itaque
1859 860 1896 880 10

521 904 727 941 christiani
760 903 980 941 infallibilis
1013 912 1091 940 stat
1114 903 1154 939 in
1176 903 1251 940 isto
1274 905 1382 952 quod
1413 903 1675 940 effectualiter
1700 903 1839 952 diligat

522 975 652 999 mores
685 962 845 1000 Christi.
900 961 941 998 Si
974 961 1080 999 enim
1115 961 1265 1010 patriso
1298 970 1453 1009 patrem
1490 963 1690 998 carnalem
1728 971 1766 998 et
1798 961 1839 997 in

521 1021 606 1058 eius
651 1020 1051 1058 commendacionem
1092 1020 1220 1056 refero
1261 1032 1391 1056 mores
1425 1033 1532 1067 suos,
1587 1020 1839 1068 defendoque

521 1080 630 1128 quod
663 1079 747 1127 ipse
780 1078 881 1115 iuste
914 1077 1100 1125 instituit,
1135 1086 1284 1126 quanto
1318 1077 1446 1126 magis
1479 1079 1527 1114 de
1560 1086 1672 1127 patre
1706 1077 1839 1115 celesti

522 1137 678 1174 dicente
700 1137 823 1174 Math.
847 1138 892 1184 X,
918 1147 992 1186 37:
1032 1136 1109 1180 Qui
1138 1143 1245 1172 amat
1271 1143 1427 1185 patrem
1461 1143 1526 1172 aut
1558 1144 1722 1173 matrem
1749 1135 1839 1185 plus
1859 1140 1895 1172 15

519 1208 633 1245 quam
668 1207 740 1242 me,
774 1208 847 1231 non
871 1202 927 1231 est
949 1206 1009 1231 me
1033 1195 1174 1245 dignus
1203 1203 1240 1230 et
1272 1206 1343 1242 per
1367 1206 1616 1243 consequens
1649 1194 1699 1230 sit
1730 1193 1839 1230 iuxta

521 1253 672 1290 dictum
705 1252 890 1301 Apostoli
924 1254 950 1290 Ι.
987 1253 1077 1290 Cor.
1112 1252 1257 1288 ultimo
1290 1254 1507 1289 anathema.

662 1416 993 1464 CAPITULUM
1027 1416 1348 1464 VICESIMUM
1384 1416 1695 1465 SEPTIMUM.

258 1539 390 1567 Various
410 1548 482 1566 uses
580 1519 752 1557 Ulterius
796 1519 904 1556 iuxta
948 1519 1143 1568 premissa
1186 1520 1402 1556 videndum
1451 1529 1508 1556 est
1556 1521 1603 1556 de
1647 1519 1836 1568 suffragio

267 1574 475 1637 Ptfeggzgffiff
522 1578 779 1615 existencium
812 1578 853 1614 in
886 1577 1129 1626 purgatorio.
1164 1579 1206 1614 In
1229 1591 1308 1627 qua
1331 1578 1499 1615 materia
1522 1586 1682 1626 oportet
1703 1578 1836 1627 primo
1853 1598 1895 1619 20

519 1645 691 1673 tractare
736 1638 784 1672 de
828 1645 1084 1673 testamento.
1148 1636 1329 1673 Sumitur
1373 1645 1507 1673 autem
1552 1644 1835 1673 testamentum

519 1696 738 1732 secundum
784 1694 1024 1743 scripturam
1069 1694 1202 1743 primo
1241 1708 1313 1743 pro
1345 1694 1511 1731 veritate
1545 1703 1681 1731 eterna
1714 1707 1836 1743 quam

521 1753 645 1790 deitas
678 1761 847 1789 testatur
880 1753 930 1789 ad
961 1753 1182 1801 profectum
1220 1752 1396 1797 ecclesie,
1431 1761 1473 1789 ut
1508 1752 1615 1789 Eccli
1644 1753 1759 1799 XLV,
1792 1753 1835 1790 8:

521 1812 664 1847 Statuit
696 1811 754 1847 illi
788 1818 1057 1847 testamentum
1091 1818 1278 1847 eternum.
1311 1810 1505 1847 Veritates
1539 1810 1644 1847 enim
1678 1810 1744 1847 ille
1776 1809 1835 1847 in-

520 1869 747 1906 scribuntur
791 1869 1019 1906 eternaliter
1061 1869 1164 1905 libro
1195 1869 1288 1915 vite,
1332 1878 1375 1905 ut
1408 1876 1518 1917 patet
1556 1870 1602 1905 de
1637 1868 1836 1905 mandatis
1854 1878 1893 1910 25

521 1927 717 1975 decalogi.
771 1929 955 1964 Secundo
1001 1927 1197 1975 accipitur
1242 1940 1315 1975 pro
1360 1936 1616 1963 sacramento
1662 1926 1836 1963 sensibili

520 1987 630 2034 quod
653 1987 759 2022 Deus
792 1985 953 2022 ordinat
985 1987 1034 2022 ad
1067 1987 1295 2022 testandum
1320 1985 1524 2022 veritatem
1548 1986 1762 2031 salubrem,
1796 1992 1839 2020 ut

521 2051 631 2092 patet
663 2045 688 2082 I.
722 2045 814 2080 Cor.
847 2045 910 2090 XI,
946 2054 1017 2092 25:
1062 2043 1139 2079 Hic
1172 2044 1278 2079 calix
1310 2056 1449 2080 novum
1483 2050 1750 2079 testamentum
1783 2050 1839 2079 est

521 2102 556 2137 in
590 2114 672 2138 meo
704 2102 906 2152 sanguine.
939 2101 1084 2138 Tercio
1106 2102 1299 2139 famosius
1328 2101 1522 2150 accipitur
1545 2114 1617 2149 pro
1641 2101 1839 2149 scriptura

522 2173 642 2208 quam
676 2159 893 2197 moriturus
926 2159 1105 2197 condidit
1128 2161 1177 2196 ad
1200 2161 1430 2196 testandum
1453 2160 1698 2197 voluntatem
1724 2172 1836 2195 suam
1855 2169 1896 2201 30

522 2219 569 2254 de
602 2217 717 2254 bonis
750 2217 824 2254 sibi
867 2218 1161 2266 pertinentibus
1206 2227 1416 2266 postquam
1463 2217 1620 2261 obierit,
1666 2219 1713 2254 de
1757 2229 1837 2265 quo

522 2276 701 2324 loquitur
732 2277 951 2324 Apostolus
986 2275 1075 2314 Gal.
1108 2278 1170 2323 ΙΙΙ,
1207 2287 1272 2324 15:
1312 2277 1478 2312 Fratres
1510 2273 1739 2328 (secundum
1771 2276 1836 2312 ho-

522 2334 661 2370 minem
707 2332 810 2387 dico)
858 2342 983 2370 tamen
1033 2334 1196 2371 hominis
1248 2334 1518 2384 confirmatum
1570 2340 1835 2370 testamentum

522 2403 632 2428 nemo
676 2393 823 2441 spernit
867 2400 933 2428 aut
961 2390 965 2445 1
993 2392 1282 2442 superordinat,
1330 2393 1451 2428 multo
1498 2391 1629 2428 minus
1667 2390 1836 2427 subaudi
1877 2397 1958 2441 254¹³

522 2458 808 2486 testamentum
854 2451 1138 2487 confirmatum
1185 2463 1207 2486 a
1245 2452 1344 2487 Deo.
1390 2451 1505 2487 Unde
1538 2451 1657 2485 Hebr.
1692 2450 1752 2494 IX,
1789 2449 1835 2486 16
1854 2460 1894 2491 35

523 2509 773 2545 ostendendo
807 2510 915 2557 quod
949 2508 1130 2545 Christus
1165 2516 1223 2545 est
1255 2508 1453 2545 mediator
1485 2508 1576 2544 novi
1609 2507 1837 2544 testamenti

522 2565 577 2602 sic
610 2566 834 2614 subiungit:
874 2567 945 2602 Ubi
987 2567 1084 2603 enim
1128 2574 1395 2603 testamentum
1438 2574 1504 2613 est,
1550 2578 1657 2601 mors
1688 2577 1839 2601 necesse

522 2632 579 2660 est
622 2632 661 2659 ut
705 2625 919 2660 intercedat
962 2625 1171 2661 testatoris.
1226 2626 1344 2670 Quod
1377 2632 1512 2661 autern
1550 2632 1836 2660 testamentum

594 2765 632 2784 12.
648 2758 811 2792 partriso;
830 2758 870 2785 ita
892 2758 960 2785 cod.
1035 2756 1079 2785 38.
1102 2756 1195 2785 Cod.:
1217 2758 1391 2785 intercidat.

598 2840 646 2872 17.
674 2831 696 2861 I.
725 2830 804 2863 Cor.
830 2830 919 2873 XVI,
946 2839 1000 2862 22.
