2050 3292
227 211 314 239 CAP.
336 203 466 256 xxivi]
697 214 831 245 LIBER
859 215 1067 246 TERTith.

226 333 315 357 cum
349 320 478 357 omnis
512 321 638 356 malus
668 320 717 357 sit
750 321 960 368 ignorans3
994 333 1244 369 consequens
1267 329 1405 357 contla
1429 322 1533 368 Apo-

224 379 371 414 stolum
404 380 429 414 Ι.
455 379 546 414 Cor.
569 379 669 423 XIV,
695 378 748 427 38
779 377 997 414 dicentem:
1032 379 1075 414 Si
1104 379 1185 427 quis
1217 379 1390 429 ignorat,
1424 378 1533 428 igno-

225 436 387 471 rabitur.
452 435 492 471 Si
538 435 644 471 enim
678 434 858 472 Christus
903 435 998 472 dicit
1043 436 1082 471 in
1128 436 1192 472 die
1236 435 1374 472 iudicii
1418 435 1533 472 fatuis

225 492 521 529 continentibus
566 505 588 529 a
634 494 739 529 malo
773 493 992 530 extrinseco
1025 502 1190 541 propter
1225 494 1421 530 defectum
1457 492 1534 529 olei

192 555 208 587 5
225 549 453 587 devocionis
475 550 515 586 in
530 558 707 586 tantum:
742 551 825 586 dico
848 551 966 597 vobis,
1000 552 1125 588 nescio
1148 563 1227 594 vos,
1262 551 1387 587 multo
1410 549 1534 598 magis

223 620 304 644 non
348 607 445 644 sciet
489 609 751 656 approbando
797 609 847 644 ad
890 608 1057 656 gloriam
1097 621 1163 644 eos
1201 609 1332 645 fatuos
1364 607 1432 656 qui
1464 619 1535 656 per

221 665 492 713 ignoranciam
517 665 804 702 commiserunt
827 665 1038 702 manifesta
1060 666 1257 712 facinora3
1291 666 1404 703 aliter
1427 666 1533 702 enim

223 722 425 771 expediret
458 723 644 759 omnibus
676 723 790 760 malis
824 723 995 771 amplius
1028 724 1225 772 ignorare.

280 783 400 817 Istam
445 781 654 817 materiam
700 789 846 817 tractat
889 783 1028 817 beatus
1060 783 1315 818 Bernhardus
1359 781 1398 816 in
1430 781 1532 817 libro

170 854 207 875 10
223 840 279 874 De
302 839 493 874 Mandato
527 847 563 874 et
588 838 900 886 Dispensacione
934 839 1111 887 capitulo
1142 840 1233 884 ΧΙΙ;
1268 851 1430 875 movens
1464 851 1533 886 per

223 896 386 932 modum
432 896 709 944 questiuncule
754 909 796 932 ex
840 905 947 933 textu
992 897 1173 945 Apostoli
1219 899 1332 933 Rom.
1373 897 1462 932 XIV
1495 904 1533 933 et

221 954 249 989 Ι.
281 954 372 991 Cor.
394 954 495 999 VIII,
529 955 735 1002 quomodo
767 966 887 990 omne
919 955 1026 1002 quod
1059 964 1115 990 est
1148 963 1287 990 contra
1320 954 1437 990 fidem
1472 954 1533 990 vel

223 1010 517 1047 conscienciam
549 1020 607 1048 est
639 1021 867 1059 peccatum:
908 1012 961 1058 Si,
1002 1011 1146 1061 inquit,
1185 1013 1331 1048 malum
1365 1018 1420 1047 est
1452 1011 1531 1046 uni-

221 1069 354 1118 cuique
396 1069 513 1105 eciam
559 1071 696 1106 bonum
741 1071 843 1117 quod
873 1070 957 1119 agit
988 1070 1021 1105 si
1051 1070 1194 1105 malum
1234 1082 1316 1106 esse
1347 1069 1532 1112 creditur,

169 1126 374 1167 15videtur
404 1127 505 1175 quod
535 1134 613 1163 tam
646 1127 789 1163 malum
814 1135 869 1163 est
900 1127 1100 1176 unicuique
1130 1129 1281 1163 erranti
1310 1139 1403 1176 opus
1433 1127 1535 1175 quod

220 1184 304 1234 agit
336 1196 448 1233 quam
481 1185 627 1221 malum
661 1197 741 1221 esse
773 1185 959 1229 creditur,
993 1192 1027 1220 et
1044 1197 1119 1234 per
1151 1186 1248 1221 idem
1283 1192 1360 1220 tam
1394 1185 1531 1220 bonum

220 1248 275 1278 est
306 1242 505 1290 unicuique
535 1243 653 1278 eciam
687 1243 832 1278 malum
865 1243 966 1291 quod
997 1250 1183 1291 operatur
1229 1255 1344 1292 quam
1394 1243 1531 1278 bonum

219 1311 300 1336 esse
330 1300 402 1336 sibi
420 1300 531 1348 false
563 1300 785 1336 crediderit.
827 1301 913 1336 Non
946 1300 1043 1336 enim
1078 1301 1231 1336 videtur
1262 1300 1381 1347 racio,
1414 1312 1534 1348 quare

215 1357 306 1407 plus
357 1357 392 1393 in
428 1358 531 1393 malo
563 1370 675 1406 quam
719 1358 755 1394 in
788 1359 884 1394 bono
930 1359 1057 1394 valeat
1100 1359 1266 1394 humana
1310 1358 1533 1394 intencionis

164 1415 368 1464 200pini05
410 1428 544 1463 ymmo
590 1428 680 1452 cum
723 1418 829 1452 Deus
875 1416 923 1451 sit
968 1415 1135 1463 pronior
1168 1417 1216 1452 ad
1250 1415 1531 1463 premiandum

220 1485 341 1521 quarn
384 1472 645 1520 puniendum,
691 1473 846 1509 videtur
891 1475 998 1521 quod
1043 1473 1291 1521 prestancior
1337 1472 1388 1509 sit
1434 1473 1533 1509 falsa

220 1529 315 1566 boni
367 1530 517 1578 opinio.
579 1532 627 1567 Et
679 1533 960 1579 respondendo
1013 1533 1232 1567 secundum
1285 1530 1530 1568 sentenciam

221 1587 367 1624 Christi
407 1589 528 1627 Math.
558 1589 620 1634 VI,
663 1600 727 1635 22,
764 1600 815 1638 23
862 1590 971 1637 quod
1016 1589 1148 1625 oculus
1190 1589 1361 1638 simplex
1394 1584 1528 1641 facit}

102 1657 180 1684 220n
220 1653 339 1682 totum
373 1657 514 1695 corpus
547 1658 707 1695 operum
741 1647 924 1692 lucidum,
968 1647 1022 1683 sic
1067 1647 1199 1683 oculus
1243 1659 1402 1695 nequam
1425 1646 1532 1695 facit

156 1711 201 1742 ⁷25
220 1711 337 1740 totam
360 1704 580 1754 congeriem
614 1716 771 1753 operum
806 1706 1061 1750 tenebrosam,
1096 1704 1193 1741 dicit
1216 1706 1324 1753 quod
1349 1705 1423 1740 duo
1444 1711 1532 1740 sunt

219 1761 437 1798 necessaria
470 1762 522 1797 ad
553 1762 704 1798 oculum
739 1774 828 1798 vere
857 1762 1081 1812 simplicem,
1124 1762 1269 1799 scilicet
1312 1762 1457 1799 caritas
1495 1762 1530 1797 in

218 1819 428 1855 intencione
471 1826 506 1855 et
551 1820 694 1856 veritas
737 1820 773 1856 in
819 1820 1017 1858 eleccione.
1072 1821 1171 1856 Nam
1209 1820 1243 1856 si
1273 1820 1355 1868 quis
1391 1820 1530 1855 bonum

220 1877 349 1927 diligit
382 1884 417 1913 et
449 1889 581 1913 verum
616 1890 688 1914 non
722 1878 832 1928 eligit
864 1878 977 1913 habet
1015 1878 1166 1926 quidem
1200 1879 1324 1930 zelum
1359 1877 1434 1913 Dei
1463 1878 1532 1913 sed

218 1946 291 1970 non
323 1935 531 1971 secundum
563 1935 789 1980 scienciam,·
820 1948 892 1972 non
926 1936 1049 1986 igitur
1071 1948 1163 1972 vera
1192 1943 1321 1985 potest
1342 1947 1423 1972 esse
1445 1947 1530 1971 cum

163 2000 203 2032 30
220 1992 407 2040 falsitate
428 1992 666 2041 simplicitas.
700 1993 753 2029 Et
781 1994 878 2029 illud
900 1994 1119 2029 intendebat
1160 1994 1195 2030 in
1218 1994 1358 2044 gracia
1382 1993 1531 2029 Veritas

218 2050 343 2086 Math.
376 2050 425 2098 X,
459 2045 520 2094 [6,
553 2052 704 2099 quando
739 2051 859 2087 dixit:
891 2051 1026 2087 Estote
1057 2063 1155 2101 ergo
1188 2052 1403 2100 prudentes
1433 2051 1531 2087 sicut

216 2115 414 2157 serpentes
445 2116 480 2144 et
509 2108 703 2157 simplices
733 2109 830 2145 sicut
861 2109 1047 2146 columbe.
1092 2109 1310 2145 Prudencia
1342 2109 1532 2157 informat

217 2165 449 2202 intellectum
483 2173 518 2202 et
548 2167 775 2216 simplicitas
812 2167 1012 2215 affectum,·
1054 2167 1181 2215 itaque
1224 2168 1358 2203 oculus
1400 2167 1531 2203 cordis

218 2235 284 2260 nec
315 2231 370 2259 est
396 2224 485 2273 pius
515 2224 550 2259 si
578 2224 681 2260 male
712 2224 926 2269 intenderit,
968 2237 1034 2260 nec
1071 2232 1204 2261 cautus
1242 2225 1277 2261 si
1312 2238 1334 2260 a
1369 2224 1530 2261 veritate

163 2287 201 2320 35
217 2282 424 2325 erraverit,
463 2288 497 2317 et
528 2282 625 2317 sicut
655 2283 708 2317 aa'
739 2283 889 2318 oculum
922 2282 1133 2332 simplicem
1174 2282 1387 2331 requiritur
1417 2294 1531 2318 amor

287 2458 320 2476 11.
344 2449 436 2477 Cod.:
458 2450 526 2477 Jolz.
548 2450 623 2476 XIV.
698 2449 744 2483 34.
767 2449 862 2477 Cod.:
884 2451 1069 2478 intenderat.
1143 2450 1183 2478 35.
1207 2450 1301 2478 Codiz
1324 2454 1352 2477 et
1371 2451 1423 2478 sic.

289 2532 316 2565 5.
343 2531 464 2563 Matth.
488 2533 593 2572 XXV,
619 2543 668 2564 12.
764 2544 795 2576 9.
821 2533 928 2565 Recte
953 2543 1026 2575 cap.
1046 2534 1147 2573 XVII,
1174 2544 1251 2575 pag.
1278 2534 1346 2576 934
1371 2534 1431 2565 sed
1458 2544 1529 2565 non

217 2579 259 2609 ad
284 2578 443 2611 verbum.
546 2579 596 2611 13.
622 2579 659 2610 In
685 2585 779 2611 textu
798 2580 844 2612 St.
864 2579 1058 2611 Bernhardi
1084 2580 1140 2611 hic
1165 2580 1264 2611 locus
1291 2580 1339 2611 sic
1364 2579 1527 2612 habetur:

216 2647 224 2655 .
244 2647 252 2656 .
272 2649 279 2655 .
298 2625 337 2656 In
363 2625 566 2668 generalem
592 2625 753 2669 regulam
781 2626 876 2658 trahi
896 2626 1022 2668 possit,
1049 2630 1222 2668 quatenus
1250 2627 1381 2657 malum
1405 2626 1529 2669 cuique

216 2671 263 2702 sit
299 2671 426 2703 bonum
465 2671 624 2713 quodque
649 2672 756 2713 ,quod
794 2672 872 2714 agit
909 2673 939 2704 si
977 2674 1112 2704 malum
1161 2682 1233 2705 esse
1265 2672 1459 2705 crediderit
1485 2683 1529 2705 ac

216 2720 357 2748 tantum
396 2719 530 2749 malum
569 2723 741 2760 quantum
779 2719 979 2758 crediderit,
1018 2719 1112 2760 quod
1143 2720 1172 2750 si
1197 2729 1357 2751 annuero
1385 2728 1526 2750 rursum

211 2763 364 2805 pergitis
395 2764 584 2806 inquirere,
623 2774 687 2796 cur
720 2775 787 2797 non
821 2774 839 2796 6
865 2765 1049 2797 contrario
1076 2769 1217 2797 tantum
1252 2764 1374 2807 cuique
1399 2766 1525 2797 bonum

215 2809 261 2841 sit
286 2810 380 2851 quod
405 2815 577 2852 operatur
603 2815 774 2853 quantum
802 2811 856 2843 vel
873 2812 976 2854 falso
1003 2812 1170 2852 opinatur
1199 2817 1260 2843 etc.

1741 217 1816 255 541

1555 789 1600 817 St.
1623 789 1759 818 Bernard
1781 799 1819 818 on

1558 824 1608 850 the
1628 823 1725 859 single
1745 834 1808 860 eye,

1554 858 1654 885 which
1676 860 1813 894 requires

1566 893 1639 920 both
1659 895 1722 921 zeal
1743 895 1801 922 and

1590 928 1780 964 knowledge
