2050 3292
223 207 311 235 CAP.
332 196 441 253 xxm]
695 209 827 240 LIBER
855 207 1063 239 TERrius.

223 315 318 353 dicit
363 317 500 352 beatus
533 315 785 351 Bernhardus
830 315 937 363 quod
982 314 1175 351 incertum
1215 322 1273 350 est
1324 313 1437 350 nobis
1477 315 1524 350 de

222 373 444 421 quantitate
488 385 587 420 pene
633 372 737 408 Petri
781 372 985 408 Abellardi
1030 380 1193 420 propter
1238 371 1407 407 heresim
1447 383 1524 420 qua

221 431 372 467 seduxit
416 430 638 475 ecclesiam,
699 429 792 477 quia
836 430 1066 477 ignoramus
1114 438 1210 477 quot
1254 428 1436 465 homines
1482 441 1524 464 ex

220 488 286 524 illo
331 490 516 535 dogmate
559 489 808 524 seducentur.
863 489 910 523 Et
949 496 1057 534 patet
1095 488 1203 535 quod
1241 486 1419 534 precepti
1453 485 1523 521 Dei

188 546 406 593 §implecio
432 547 479 581 de
512 546 748 581 honorando
774 554 942 581 matrem
967 545 1189 590 ecclesiam,
1213 543 1410 592 premium
1435 556 1522 591 pre-

220 603 524 649 destinatorum,
558 602 736 650 placacio
769 605 815 638 de
844 602 1103 639 rectificando
1126 615 1238 638 suam
1263 601 1521 638 elemosinam

221 670 257 697 et
289 662 497 697 beatorum
528 659 801 708 interpellacio
825 659 950 707 prosit
972 659 1230 708 implentibus
1253 660 1497 695 voluntatem
1518 655 1520 711 l

106 718 182 764 191d
221 718 391 754 divinam
427 727 630 754 moverent
661 717 892 765 superstites
925 719 975 754 ad
1007 719 1082 754 hoc
1114 730 1227 765 opUS.

276 775 419 812 Tercio
454 775 654 823 colligitur
676 777 783 823 quod
807 775 937 823 operis
961 775 1077 811 huius
1100 774 1285 823 implecio
1309 774 1523 822 extirparet

169 846 205 866 xo
221 845 375 869 errores
399 834 446 869 ab
470 832 648 876 ecclesia,
684 833 868 869 dilataret
891 833 1018 880 ipsam
1043 833 1235 869 intensive
1259 841 1297 868 et
1327 832 1523 868 extensive

220 900 257 926 et
290 891 464 939 undique
498 890 729 938 pacificaret
762 891 1064 938 rempublicam.
1112 892 1234 926 Error
1269 889 1428 938 quidem
1464 898 1521 926 est

220 950 326 996 quod
358 948 591 996 pacificacio
624 948 800 997 ecclesie,
833 950 879 985 de
912 961 990 996 qua
1013 948 1208 996 scriptura
1224 947 1414 995 loquitur,
1448 956 1524 983 stat

220 1006 259 1041 in
283 1006 563 1053 temporalium
590 1005 916 1042 accumulacione
948 1008 1008 1053 <ut
1032 1014 1140 1053 patet
1162 1006 1324 1041 XXXIX
1347 1004 1524 1053 capitulo

151 1065 181 1096 O
221 1065 267 1099 111
302 1063 447 1111 huius).
492 1066 613 1099 Error
656 1072 712 1099 est
756 1065 862 1112 quod
896 1063 1062 1100 ecclesia
1094 1062 1314 1109 honestius,
1347 1062 1524 1099 securius

167 1122 265 1157 15ac
310 1121 445 1156 utilius
490 1120 717 1168 disponitur
761 1130 850 1168 post
894 1121 977 1157 eius
1011 1121 1263 1157 dotacionem
1297 1120 1338 1155 in
1370 1129 1525 1168 tempo-

220 1178 367 1214 ralibus
391 1191 509 1226 quam
535 1178 575 1214 in
601 1191 672 1214 sua
695 1187 931 1226 paupertate
954 1178 1180 1226 evangelica
1205 1190 1326 1225 quam
1343 1178 1524 1213 Christus

220 1235 402 1279 instituit,
436 1245 479 1272 ut
511 1245 620 1284 patet
652 1248 694 1272 ex
726 1238 809 1272 XIII
844 1236 959 1272 huius
990 1238 1033 1275 V.
1067 1238 1188 1272 Error
1227 1244 1284 1271 est
1322 1235 1429 1283 quod
1460 1248 1526 1271 vo-

221 1302 308 1330 cata
346 1293 604 1341 perpetuacio
643 1294 866 1330 dotacionis
906 1293 1187 1342 temporalium
1229 1293 1268 1328 in
1301 1293 1524 1329 dominium

220 1353 471 1387 sacerdotum
496 1364 566 1399 per
589 1363 629 1386 se
652 1351 823 1387 sufficiat
856 1351 1177 1399 progenitoribus
1210 1364 1299 1386 cum
1336 1359 1421 1387 toto
1454 1363 1525 1386 suo

165 1420 205 1441 20
220 1420 361 1456 genere
395 1410 443 1445 ad
476 1410 659 1454 salutem,
694 1422 782 1445 cum
818 1409 877 1445 vix
910 1418 1040 1457 potest
1071 1409 1230 1445 fundari
1264 1408 1354 1444 talis
1379 1408 1525 1444 elemo-

220 1466 306 1502 sina
349 1468 497 1515 absque
541 1476 700 1503 tumore
744 1467 939 1514 superbie.
995 1469 1095 1503 Nam
1142 1466 1207 1502 ubi
1252 1466 1407 1502 Veritas
1453 1478 1524 1502 nos

220 1525 336 1560 docet
379 1526 582 1560 attendere
626 1537 671 1560 ne
713 1524 898 1561 iusticiam
946 1532 1116 1561 nostram
1150 1525 1353 1572 faciamus
1391 1535 1524 1559 coram

220 1582 443 1627 hominibus,
490 1595 535 1617 ne
568 1583 768 1617 videamur
811 1583 857 1618 ab
896 1583 959 1628 eis,
1005 1583 1172 1630 alioquin
1206 1582 1418 1617 mercedem
1453 1594 1524 1617 non

220 1640 399 1675 hahebitis
422 1647 514 1689 aput
530 1640 685 1675 Patrem
711 1641 774 1688 qui
794 1640 829 1675 in
853 1641 942 1676 celis
965 1648 1031 1683 est,
1056 1640 1255 1684 Matl1.V1,
1286 1651 1318 1685 Ι,
1344 1639 1525 1674 moderni

164 1699 203 1732 25
220 1705 400 1744 potentes
433 1699 482 1733 ad
508 1706 742 1745 perpetuam
767 1698 941 1734 nominis
965 1697 1023 1733 sui
1049 1706 1085 1733 et
1108 1697 1263 1744 generis
1288 1697 1523 1732 memoriam

223 1763 388 1790 utuntur
403 1755 613 1803 superfluis
623 1756 907 1802 temporalium
920 1754 1171 1797 adiacenciis,
1196 1754 1336 1790 ritibus
1351 1753 1523 1793 vivendi,

224 1812 415 1848 extraneis
449 1821 485 1849 et
518 1812 605 1848 aliis
634 1812 925 1860 supersticiosis
947 1812 1215 1849 observanciis
1238 1824 1386 1848 nomen
1409 1824 1523 1847 suum

223 1870 482 1906 solemnisare
526 1870 671 1918 ubique
716 1871 810 1906 orbe
843 1879 1054 1907 terrarum.
1102 1871 1178 1906 Sed
1213 1869 1305 1905 audi
1339 1869 1525 1905 Veritatis

108 1933 185 1971 192⁸
222 1927 466 1963 sentenciam
491 1929 612 1964 Math.
638 1929 700 1973 Vl,
727 1940 768 1964 2:
799 1928 906 1973 Cum,
932 1927 1073 1975 inquit,
1098 1927 1207 1975 facis
1235 1922 1238 1979 Ι
1267 1927 1525 1970 elemosinam,

165 1986 207 2018 30
222 1985 300 2020 noli
329 1992 415 2020 ante
446 1993 481 2021 te
512 1986 600 2021 tuba
633 1998 770 2021 canere
800 1985 898 2021 sicut
933 1986 1119 2037 ypocrite
1145 1985 1303 2034 faciunt
1335 1985 1370 2019 in
1402 1996 1523 2034 syna-

219 2043 337 2092 gogis
368 2050 404 2078 et
437 2043 538 2089 vicis,
569 2050 607 2078 ut
622 2043 923 2091 honorificentur
944 2044 990 2078 ab
1015 2043 1240 2081 hominibus.
1272 2041 1407 2089 Amen,
1440 2042 1526 2077 dico

222 2100 337 2145 vohis,
383 2108 609 2149 receperunt
660 2101 874 2136 mercedem
926 2113 1048 2136 suam.
1101 2101 1214 2136 Unde
1258 2098 1526 2136 verisimiliter

221 2157 328 2193 credi
382 2166 511 2204 potest
555 2159 663 2205 quod
708 2158 939 2194 fundatores
985 2159 1160 2194 volentes
1206 2157 1345 2193 exhinc
1376 2169 1524 2192 nomen

220 2227 333 2250 suum
380 2215 551 2262 dilatari,
597 2216 731 2263 quoad
763 2224 920 2263 tempus
952 2225 989 2251 et
1022 2216 1152 2251 locum
1187 2214 1226 2250 in
1260 2214 1386 2258 terris,
1433 2223 1524 2250 sunt

164 2274 202 2307 35
221 2272 395 2319 percussi
428 2273 502 2309 ista
534 2272 721 2320 ypocrisi,
755 2272 980 2320 specialiter
1014 2286 1102 2309 cum
1137 2272 1303 2320 cupiunt
1327 2284 1410 2308 esse
1434 2271 1525 2307 novi

220 2329 369 2365 ordinis
413 2330 657 2379 fundatores,
700 2343 779 2366 non
812 2330 966 2378 antiqui
1006 2331 1256 2375 relevatores,
1302 2329 1394 2365 novi
1427 2329 1525 2365 ritus

183 2415 186 2418 .
219 2387 458 2433 inventores,
492 2400 571 2423 non
601 2387 804 2435 religionis
830 2388 977 2424 Christi
1007 2388 1320 2431 continuatores,
1354 2399 1434 2423 non
1458 2388 1525 2422 ab-

219 2444 389 2481 sconditi
422 2445 494 2481 Dei
528 2445 697 2482 ministri
729 2458 777 2482 ne
810 2458 911 2482 vana
942 2445 1066 2493 gloria
1098 2446 1321 2482 mercedem
1347 2454 1523 2490 evacuet,

285 2665 333 2693 29.
354 2658 447 2686 Cod.:
476 2658 502 2685 V.

293 2762 317 2784 1.
345 2752 395 2786 Cf.
429 2753 516 2794 Epp.
550 2754 596 2785 St.
630 2754 795 2785 Bernardi
830 2754 933 2785 CXCI
967 2761 999 2785 et
1025 2754 1170 2790 CXCIII.
1273 2755 1321 2787 13.
1349 2755 1397 2785 De
1425 2754 1525 2784 Civili

220 2798 383 2829 Dominio
409 2799 432 2841 Ι,
459 2808 535 2840 pag.
564 2798 625 2831 285
654 2810 753 2841 seqq.
854 2810 903 2841 17.
930 2801 1017 2831 Vide
1044 2810 1147 2841 supra
1173 2809 1250 2841 pag.
1279 2809 1341 2841 217
1369 2807 1401 2831 et
1426 2810 1524 2841 seqq.

1729 211 1808 250 473

1594 787 1621 811 1t
1640 784 1740 811 would

1556 819 1681 854 desttoy
1702 827 1787 845 error

1574 853 1633 881 and
1655 854 1778 889 enlarge

1572 889 1621 915 the
1642 888 1776 915 Church.
