2050 3292
223 251 308 293 *324
934 257 994 289 DE
1022 257 1159 289 cwiLi
1186 257 1399 290 DOM1N1o.
1615 246 1727 302 [CAP.
1753 257 1822 286 xx.

514 362 705 410 competit
742 363 940 400 hereditas
973 363 1138 401 domino
1170 364 1381 413 temporali
1420 373 1457 402 et
1489 378 1561 402 suo
1593 367 1823 404 succedenti

512 420 662 466 heredi,
695 420 751 456 sic
784 422 1088 469 quodammodo
1121 431 1179 458 est
1212 423 1258 459 de
1292 422 1461 471 coniuge
1495 432 1532 460 et
1564 437 1698 470 uxore,
1731 424 1824 462 licet

512 477 597 525 ipsa
641 479 689 514 de
734 478 1013 528 propinquiori
1060 479 1243 516 adiaceat
1286 493 1375 517 vere
1419 480 1654 531 dominanti,
1702 484 1822 530 parti-

298 575 303 579 ,
513 536 698 583 cipiendo
731 537 907 574 dominio
940 550 1062 586 quam
1095 538 1259 574 heredes
1291 539 1352 575 vel
1383 538 1510 575 liberi.

222 574 328 636 &oliiolfv
343 575 492 637 <3335th
570 595 736 630 Constat
753 590 756 647 Λ
775 607 870 643 ergo
893 596 1002 643 quod
1025 603 1194 644 uterque
1217 595 1432 644 coniugum
1451 597 1680 633 dominatur
1694 597 1822 635 eidem
1872 605 1949 643 171⁵*

232 644 485 714 5⁵C¹grvgrfr¹l¹l¹lgffifl
513 651 750 688 dominabili
774 652 876 688 sicut
898 654 1082 689 dominus
1106 653 1288 700 capitalis
1311 662 1348 689 et
1371 654 1645 704 subdomfflus,
1668 668 1823 692 verum-

275 714 311 740 0f
328 714 450 748 priests.
512 717 648 745 tamen
680 722 762 745 non
796 722 839 746 ex
873 722 988 759 equo.
1032 711 1146 747 Unde
1181 712 1278 747 Sara
1310 712 1466 747 vocavit
1504 713 1708 749 Abraham
1755 715 1822 750 do-

511 767 653 803 minum
685 779 810 810 suum,
846 769 987 805 Genes.
1020 769 1153 814 XVIII,
1190 779 1250 805 12.
1306 770 1423 813 Quod
1457 778 1590 806 autem
1624 770 1823 818 scriptura

509 833 623 861 vocet
666 837 829 861 uxorem
875 826 1069 862 dominam
1109 826 1196 872 viri,
1240 838 1321 862 non
1354 826 1518 863 memini
1565 840 1627 864 me
1670 828 1823 876 legisse.

510 884 612 918 Narn
645 885 863 919 secundum
900 884 1136 931 Apostolum
1170 885 1196 921 Ι.
1226 885 1318 920 Cor.
1350 885 1414 928 XI,
1449 896 1471 933 3
1506 886 1678 922 mulieris
1709 894 1823 935 caput
1843 900 1881 920 10

509 948 564 976 est
596 940 669 987 vir,
702 953 784 977 non
809 950 990 988 econtra3
1023 950 1191 990 uterque
1225 953 1319 989 ergo
1343 943 1462 978 habet
1496 943 1820 980 dominacionem

510 997 665 1034 civilem
710 998 750 1034 in
794 1000 920 1047 gradu
959 1012 1030 1035 suo
1069 1008 1107 1036 et
1138 1008 1308 1047 uterque
1340 1000 1629 1047 proprietatem
1664 1001 1821 1038 civilem

508 1057 728 1092 secundum
763 1069 882 1105 quam
917 1057 1141 1094 dominium
1173 1070 1287 1093 suum
1319 1057 1572 1105 distinguitur
1596 1072 1616 1095 a
1641 1059 1821 1096 dominio

509 1114 685 1150 alterius.
728 1115 845 1159 Quod
883 1114 916 1151 si
956 1115 1070 1151 multi
1107 1114 1180 1151 viri
1220 1123 1262 1150 ut
1294 1115 1586 1163 Dyoclecianus
1626 1126 1661 1153 et
1700 1117 1822 1153 Maxi—

509 1171 666 1208 mianus
701 1173 763 1209 vel
795 1173 1094 1221 qualescunque
1133 1181 1201 1209 aut
1234 1174 1428 1221 quotlibet
1459 1173 1526 1210 alii
1562 1174 1821 1211 dominentur
1840 1177 1878 1210 15

507 1229 638 1278 simul⁷
691 1242 734 1267 ex
785 1243 864 1279 quo
908 1243 1028 1279 super
1073 1232 1214 1267 eodem
1262 1231 1496 1267 dominabili
1558 1234 1608 1268 ad
1666 1233 1819 1281 equale,

507 1288 609 1324 sicut
640 1287 776 1324 nescio
810 1288 842 1324 si
874 1288 962 1326 iura
995 1288 1125 1325 civilia
1148 1289 1223 1325 hoc
1246 1288 1497 1336 permittunt,
1532 1298 1627 1326 tunc
1650 1303 1821 1338 persona

507 1354 721 1394 aggregata
754 1346 985 1383 dominatur
1009 1346 1186 1383 *civiliter
1223 1359 1344 1394 super
1381 1348 1474 1384 dato
1514 1347 1750 1384 dominabili
1783 1358 1821 1385 et

506 1412 677 1452 utraque
709 1416 880 1451 persona
913 1404 1078 1452 simplex
1111 1404 1343 1441 dominatur
1375 1405 1542 1442 civiliter
1574 1418 1694 1454 super
1727 1407 1820 1443 dato

506 1461 744 1498 dominabili
784 1470 821 1498 et
852 1471 1024 1511 utraque
1057 1474 1227 1510 persona
1265 1462 1432 1510 simplex
1464 1463 1696 1500 dominatur
1728 1463 1820 1500 civi·
1836 1476 1879 1498 20

505 1519 595 1555 liter
638 1531 756 1568 super
801 1522 958 1567 eodem,
1023 1522 1092 1557 sed
1143 1533 1226 1557 non
1269 1533 1314 1558 ex
1359 1531 1461 1569 equo
1512 1534 1602 1558 cum
1648 1534 1821 1570 persona

505 1586 734 1625 aggregata,
760 1590 851 1614 cum
880 1577 973 1615 licet
1005 1578 1063 1614 illi
1097 1590 1141 1614 ex
1173 1591 1370 1615 consensu
1403 1578 1508 1615 civili
1526 1580 1674 1617 multos
1707 1589 1820 1617 actus

506 1635 639 1671 civiles
671 1635 814 1686 facere,
847 1649 947 1684 quos
978 1648 1062 1672 non
1094 1636 1187 1673 licet
1219 1636 1334 1673 alteri
1367 1648 1504 1673 eorum
1538 1650 1719 1674 seorsum
1749 1650 1820 1686 per

505 1704 558 1729 se.
607 1695 655 1729 Et
699 1693 961 1731 conformiter
1004 1693 1151 1731 dicitur
1194 1694 1226 1731 si
1259 1695 1446 1731 dominus
1484 1695 1670 1732 habuerit
1700 1695 1819 1732 simul

506 1751 651 1787 multas
683 1764 838 1802 uxores,
878 1764 1048 1800 quarum
1083 1752 1258 1801 quelibet
1296 1752 1346 1789 sit
1379 1752 1544 1790 domina
1582 1766 1702 1801 super
1733 1762 1819 1790 toto
1836 1754 1876 1786 25

504 1808 684 1845 dominio
735 1809 882 1856 mariti,
941 1818 1037 1846 tunc
1078 1810 1180 1847 sicut
1231 1810 1394 1847 maritus
1446 1811 1565 1847 habet
1617 1813 1816 1860 quendam

504 1867 671 1914 gradum
731 1880 913 1904 excessus
971 1867 1140 1904 dominii
1203 1881 1322 1916 super
1385 1880 1576 1916 personas
1637 1869 1818 1906 omniurn

502 1937 686 1969 uxorum,
719 1925 775 1962 sic
807 1938 979 1973 persona
1002 1938 1170 1962 uxorum
1201 1927 1320 1963 habet
1342 1927 1542 1974 quandam
1568 1927 1819 1975 preeminen-

503 1981 606 2018 ciam
640 1984 787 2030 gradus
820 1983 989 2019 dominii
1022 1996 1143 2032 super
1174 1984 1371 2032 singulam
1410 1986 1642 2030 earundem,
1680 1998 1817 2033 ymmo

503 2039 604 2076 sicut
636 2040 811 2089 quelibet
850 2041 1016 2078 istarum
1050 2054 1217 2078 uxorum
1251 2043 1311 2078 vel
1349 2054 1613 2090 personarum
1645 2042 1816 2079 virilium
1835 2045 1878 2077 30

503 2097 736 2134 dominatur
775 2095 978 2152 civi'liter
1020 2112 1138 2148 supet
1178 2101 1318 2136 eodem
1353 2100 1603 2148 domin-abili,
1642 2100 1697 2137 ita
1728 2113 1816 2148 gra·
1864 2100 1941 2144 17«²>

502 2155 641 2201 datim,
664 2157 783 2193 habet
806 2158 952 2205 gradus
975 2158 1315 2205 preeminenciam
1339 2158 1442 2194 sicut
1465 2158 1536 2194 filii
1560 2159 1817 2196 succedentes

501 2213 541 2249 in
574 2214 794 2251 hereditate
826 2216 887 2252 vel
920 2227 964 2251 ex
995 2215 1168 2263 paritate
1201 2216 1395 2264 temporis
1428 2217 1489 2252 vel
1521 2216 1656 2265 aliqua
1690 2216 1815 2264 digni-

501 2279 582 2307 tate
626 2271 681 2308 sic
726 2274 834 2321 quod
872 2286 953 2310 non
992 2285 1035 2309 ex
1074 2286 1177 2322 equo
1215 2274 1350 2311 taliter
1382 2273 1652 2313 dominentur.
1705 2274 1816 2311 Sicut

501 2328 621 2376 igitur
654 2343 735 2366 non
767 2330 949 2379 sequitur
981 2331 1012 2367 si
1045 2345 1219 2380 persona
1251 2332 1418 2380 simplex
1449 2332 1562 2380 layca
1590 2331 1698 2369 licite
1721 2332 1813 2369 civi·
1832 2335 1872 2368 35

499 2387 590 2423 liter
621 2387 865 2436 dominatur,
901 2401 994 2438 ergo
1023 2402 1094 2438 per
1125 2390 1231 2427 idem
1265 2391 1340 2426 hoc
1372 2390 1466 2427 licet
1498 2399 1535 2426 et
1569 2389 1727 2437 clerico,
1760 2390 1815 2427 ita

499 2457 581 2481 non
613 2445 812 2494 sequitur:
846 2447 878 2483 si
910 2460 1083 2495 persona
1115 2456 1331 2496 aggregata
1363 2449 1566 2496 laycorum
1590 2447 1698 2484 licite
1722 2447 1814 2484 civi-

498 2502 590 2539 liter
627 2504 873 2554 dominatur,
918 2517 1011 2554 ergo
1050 2518 1120 2554 per
1156 2506 1263 2542 idern
1304 2505 1529 2543 comunitas
1563 2506 1813 2542 clericorum.

570 2680 600 2704 4.
620 2672 715 2702 Cod.:
741 2673 824 2709 quod
848 2673 986 2702 herede&
1089 2673 1115 2701 5.
1138 2673 1275 2701 Constat.
1311 2674 1406 2701 Cod.:
1439 2676 1561 2701 contra.
1652 2681 1694 2707 ¹4·
1715 2673 1814 2701 Cod.:

502 2705 692 2740 Dyoclecius.
