2050 3292
163 856 200 876 10

164 1134 198 1165 15

162 2004 202 2036 30

165 2291 202 2324 35

211 215 299 242 cm).
322 204 452 259 xxixa]
678 215 812 246 ruffin
839 214 1048 245 Triarius.
1733 204 1808 252 513

214 332 347 360 utrum
373 321 527 358 resistat
552 320 702 369 gracie3
726 332 861 367 ymmo
877 319 1031 356 videtur
1047 320 1153 367 quod
1171 331 1288 355 omne
1312 327 1519 367 peccatum

214 392 440 428 repugnans
485 378 624 427 gradui
666 377 797 425 gracie
831 386 1025 425 repugnat
1065 377 1206 424 gracie.
1260 376 1384 412 Aliter
1417 376 1521 412 enim

214 452 295 475 non
340 437 578 474 diminueret
625 435 800 483 graciam
846 435 920 470 nisi
965 436 1066 471 foret
1111 434 1184 470 sibi
1223 434 1422 482 opposita.
1476 436 1524 469 Et

215 498 309 533 dato
363 495 470 543 quod
522 501 732 541 peccatum
781 493 948 528 mortale
994 501 1029 529 et
1077 491 1210 540 gracia
1262 499 1523 539 opponuntur

215 553 314 591 sicut
360 551 518 589 habitus
553 560 588 587 et
623 549 799 598 privacio
834 559 870 586 et
902 549 1006 586 visus
1040 558 1076 585 et
1110 549 1267 598 cecitas,
1312 557 1519 597 peccatum
1549 554 1603 581 We
1625 560 1736 582 cannot
1757 555 1805 582 teil

215 620 348 647 autem
394 609 545 646 veniale
592 617 627 644 et
673 607 807 655 gracia
853 608 1184 655 quoddammodo
1228 607 1389 643 relative
1433 614 1524 642 sunt
1541 590 1812 657 xviiielthgissaxcveefre

216 668 451 717 magnitudo
496 676 532 703 et
565 666 751 714 parvitas,
787 674 823 701 et
857 678 945 701 cum
981 664 1116 713 gracia
1153 677 1233 701 non
1266 664 1315 700 sit
1348 677 1407 701 res
1440 664 1523 712 pal-
1550 659 1801 720 Αέἐῇἓζὲῐῑὲὲἱᾟξ

216 726 356 775 pabilis
400 725 460 761 vel
503 737 524 760 a
557 723 671 760 nobis
705 722 990 770 perceptibilis,
1036 734 1154 758 nemo
1195 722 1327 768 sciret,
1360 723 1523 770 quando
1541 736 1610 763 may
1637 728 1671 754 be
1696 701 1811 765 priivecl

216 793 316 821 esset
350 783 389 819 in
428 781 561 830 gracia
595 782 653 817 vel
694 782 822 828 culpa.
877 782 968 816 Ideo
1002 780 1097 816 dicit
1129 780 1374 827 Augustinus
1407 762 1813 831 superggd‘ffugultossffisoffs

216 842 374 878 Psalmo
408 839 583 888 capitulo
608 869 614 874 .
642 867 650 875 .
676 869 682 876 .
710 847 745 874 et
779 839 998 874 concordat
1031 850 1119 873 cum
1156 850 1201 873 eo
1235 837 1592 874 LincolniensisIlot
1618 840 1634 858 ²¹
1660 836 1726 859 true
1746 835 1813 858 test.

216 909 251 936 et
284 899 349 935 alii
383 899 488 946 quod
517 910 592 946 per
622 905 746 932 actum
782 896 999 932 dileccionis
1031 894 1094 943 qui
1125 902 1179 931 est
1212 896 1318 931 nohis
1355 895 1525 931 maxime

216 965 326 993 notus
358 967 592 1006 cognoscere
608 967 814 1003 possumus
836 954 871 989 si
890 966 1021 989 smmis
1044 954 1078 988 in
1105 960 1264 1001 peccato
1289 953 1349 988 vel
1369 953 1523 1002 gracia.

217 1015 256 1051 Si
291 1015 393 1050 enim
428 1012 629 1060 diligimus
663 1011 813 1059 aliquid
838 1012 925 1059 plus
949 1023 1067 1059 quam
1095 1013 1236 1056 Deum,
1270 1019 1364 1046 tunc
1388 1023 1524 1046 sumus

217 1081 323 1109 extra
367 1070 541 1119 graciam
588 1069 627 1105 in
673 1078 851 1117 peccato,
898 1069 928 1104 si
973 1069 1100 1116 ipsum
1150 1067 1360 1114 diligamus
1406 1080 1527 1115 supra

215 1130 389 1177 singulas
435 1136 648 1169 creaturas,
696 1136 789 1163 tunc
822 1139 958 1162 sumus
991 1126 1030 1162 in
1063 1125 1209 1173 gracia.
1263 1126 1337 1161 Sed
1371 1124 1527 1161 videtur

216 1188 313 1223 illud
358 1187 507 1223 dictum
558 1198 639 1221 esse
683 1185 825 1221 falsum
873 1193 909 1220 et
953 1184 1208 1228 diminutum,
1254 1184 1396 1219 falsum
1432 1183 1525 1231 quia

217 1245 447 1293 philosophi
464 1244 642 1280 infideles
658 1251 700 1278 ut
716 1242 961 1289 Aristoteles,
980 1242 1092 1278 Plato
1116 1250 1152 1277 et
1177 1241 1297 1277 ceteri
1313 1241 1525 1277 voluerunt

217 1304 305 1351 plus
339 1302 432 1339 boni
466 1304 548 1338 Deo
583 1314 700 1349 quam
736 1300 865 1348 potuit
911 1299 1038 1336 inesse
1085 1308 1278 1347 creature,
1325 1311 1371 1335 eo
1417 1300 1522 1346 quod

217 1362 292 1397 hoc
326 1362 651 1396 demonstrarunt
685 1367 720 1394 et
754 1357 904 1406 placuit
937 1357 990 1393 eis
1025 1359 1071 1393 de
1105 1356 1373 1393 conclusione.
1424 1357 1522 1392 Cum

217 1418 334 1467 igitur
370 1418 468 1454 velle
513 1419 659 1453 bonum
706 1415 824 1452 alicui
869 1415 917 1452 sit
961 1415 1092 1463 ipsum
1128 1415 1301 1463 diligere7
1346 1413 1527 1462 sequitur

217 1477 324 1524 quod
343 1475 439 1512 dicti
463 1473 692 1523 philosophi
708 1476 835 1510 Deum
859 1486 973 1509 suum
999 1485 1117 1520 super
1135 1472 1270 1508 onmia
1291 1472 1523 1516 dilexerunt,

217 1533 331 1571 aliter
376 1532 481 1570 enim
525 1544 606 1569 non
652 1541 781 1568 essent
825 1531 1066 1579 philosophi.
1119 1532 1166 1566 Et
1218 1530 1323 1566 idem
1370 1529 1526 1565 videtur

216 1591 440 1628 necessario
480 1590 779 1627 concedendum
827 1590 874 1625 de
919 1588 1098 1637 quolibet
1142 1587 1313 1625 viatore:
1349 1585 1353 1638 I
1388 1600 1525 1623 omnes

217 1658 410 1698 appetunt
443 1657 479 1685 et
512 1648 680 1695 diligunt
704 1649 851 1684 bonum
887 1655 923 1683 et
955 1659 1025 1694 per
1063 1658 1323 1694 consequens,
1356 1646 1526 1682 volendo

218 1708 379 1744 confuse
424 1707 560 1743 omnia
606 1717 688 1741 esse
733 1707 838 1741 bona
883 1705 922 1740 in
961 1717 1032 1741 suo
1065 1703 1214 1749 ordine,
1248 1704 1399 1750 volunt,
1434 1702 1526 1739 licet

217 1766 391 1811 confuse,
435 1777 533 1812 pure
564 1763 800 1800 naturaliter
833 1764 941 1810 quod
975 1765 1079 1798 Deus
1112 1774 1204 1797 suus
1242 1761 1292 1797 sit
1323 1774 1524 1797 summum

217 1826 366 1859 bonurn
412 1831 448 1858 et
492 1835 562 1870 per
608 1833 853 1869 consequens
897 1833 1015 1868 super
1047 1819 1182 1856 omnia
1216 1828 1353 1856 amant
1384 1819 1526 1866 ipsum.

216 1880 383 1917 Videtur
426 1879 551 1916 eciam
598 1880 705 1927 quod
739 1879 889 1914 dictum
923 1877 1021 1913 illud
1053 1878 1102 1913 sit
1141 1877 1399 1922 diminutum,
1433 1876 1525 1924 quia

218 1950 310 1986 sepe
355 1947 445 1974 sunt
488 1937 657 1973 infantes
703 1945 739 1972 et
784 1935 910 1972 adulti
967 1936 1006 1971 in
1064 1944 1227 1983 peccato
1273 1935 1333 1971 vel
1379 1934 1525 1983 gracia,

220 1997 380 2044 quando
434 2008 511 2032 non
567 1995 714 2031 habent
759 2003 892 2030 actum
939 1993 1168 2030 dileccionis
1214 2001 1251 2029 et
1299 1992 1526 2040 specialiter

219 2053 450 2091 dileccionis
474 2052 557 2096 Dei,
593 2064 709 2100 quem
740 2053 959 2087 secundum
993 2050 1254 2099 philosophos
1288 2058 1345 2086 est
1378 2049 1525 2085 diffini-

219 2111 342 2147 tivum
389 2110 572 2147 distincte
617 2121 870 2157 cognoscere.
929 2111 976 2145 Et
1021 2117 1176 2145 constat
1223 2109 1332 2156 quod
1377 2106 1527 2143 noticia

220 2168 445 2206 communis
479 2181 558 2204 non
590 2167 735 2204 sufficit
768 2168 817 2203 ad
852 2166 1053 2203 meritorie
1076 2167 1293 2202 amandum
1322 2177 1394 2201 nec
1418 2164 1528 2213 quic-

221 2240 341 2275 quam
387 2234 545 2263 amatur
589 2225 663 2261 nisi
709 2224 933 2273 cognitum3
979 2233 1111 2272 preter
1155 2224 1252 2260 istos
1298 2224 1439 2259 modos
1472 2223 1527 2258 lo-

221 2284 367 2333 quendi
413 2292 504 2319 sunt
548 2282 743 2331 quotlibet
788 2282 854 2318 alii
902 2282 1160 2329 magistrales,
1206 2290 1248 2316 ut
1294 2280 1346 2316 hii
1392 2280 1529 2316 dicunt

220 2342 326 2378 iuxta
360 2341 509 2378 dictum
544 2340 753 2389 Augustini
787 2339 1048 2376 Enchiridion
1084 2341 1182 2375 LXII
1216 2340 1322 2386 quod
1356 2338 1529 2373 convenit

194 2412 287 2436 »nos
326 2411 489 2449 peccare
531 2411 581 2435 ex
623 2410 737 2434 causa
768 2399 947 2448 secunda,
993 2405 1058 2433 citit
1101 2409 1173 2432 non
1197 2397 1396 2444 sacienn'0,
1430 2396 1530 2443 quod

223 2628 227 2631 Ι
290 2591 334 2655 ΒΞ]-
369 2592 503 2620 Rectius:
538 2591 656 2619 duabus
687 2599 724 2618 ex
755 2590 861 2618 causis.
895 2589 941 2617 Cf.
970 2591 1048 2624 Aug.
1077 2589 1159 2624 Opp.
1193 2589 1211 2615 I.
1246 2596 1288 2621 c.;
1321 2587 1362 2614 ib.
1394 2590 1467 2620 clut,·
1499 2589 1532 2614 ut

221 2636 251 2655 ιιι
273 2635 308 2655 co
334 2646 341 2654 .

293 2699 344 2732 36.
372 2700 407 2731 In
434 2709 507 2740 cap.
535 2698 621 2729 LXII
648 2697 703 2729 hic
728 2698 827 2730 locus
854 2708 923 2729 non
950 2702 1049 2728 extat.
1077 2694 1128 2727 Cf.
1156 2696 1203 2726 St.
1230 2693 1411 2736 Augustini
1437 2695 1527 2735 Opp.

223 2753 307 2777 tom.
326 2746 382 2785 VI,
412 2755 486 2788 219,
513 2745 573 2776 sed
600 2750 651 2776 est
676 2754 749 2786 cap.
777 2744 912 2775 LXXXI
939 2742 981 2775 cf.
1008 2742 1110 2774 etiarn
1137 2742 1246 2773 Serm.
1266 2740 1415 2772 CLXXII
1436 2740 1528 2781 Opp.

224 2799 307 2825 tom.
327 2792 368 2836 V,
395 2790 478 2833 873:
507 2790 618 2823 Omne
645 2791 775 2823 malum
803 2789 954 2823 hominis
980 2798 1083 2822 error
1109 2791 1143 2820 et
1168 2787 1367 2830 infirmitas.

293 2858 337 2885 De
357 2857 446 2885 Civili
466 2857 623 2885 Dominio.
643 2857 694 2885 111.
1350 2856 1389 2888 33
