2050 3292
233 199 320 228 cAp.
341 190 473 244 xxiv]
696 202 831 234 Lissssa
858 201 1066 235 'rER’rlus

234 308 426 354 adhibita,
466 321 542 356 que
575 316 739 356 propter
772 308 1120 345 continuacionem
1161 316 1251 344 sunt
1285 307 1469 344 mortalia
1503 316 1540 343 et

234 366 534 411 irremissibilia,
568 374 610 401 ut
641 365 771 401 innuit
803 365 942 413 quinta
960 365 1132 413 posicio;
1166 373 1325 413 oportet
1358 377 1450 413 ergo
1483 377 1541 401 se-

235 425 411 460 cundum
445 432 602 460 sanctos
636 425 818 460 doctores
843 425 1062 461 concedere
1085 424 1194 471 quod
1216 422 1351 471 aliqua
1376 431 1541 471 peccata

234 490 324 517 sunt
347 481 433 518 aliis
456 481 639 528 graviora
662 490 698 517 et
720 481 776 517 sic
806 481 940 529 aliqua
964 481 1165 528 mortalia,
1198 493 1274 528 que
1297 480 1542 528 Augustinus

202 542 347 575 §vocat
378 539 534 589 gravia,
567 538 607 574 in
639 539 782 587 quibus
812 547 904 575 sunt
931 538 1126 586 quotlibet
1158 539 1318 588 gradus,
1349 538 1426 575 alia
1448 550 1541 574 vero

234 596 415 641 venialia,
440 608 516 645 que
537 596 782 644 Augustinus
805 605 920 633 vocat
953 597 1065 643 levia,
1098 604 1142 632 ut
1158 604 1266 644 patet
1298 596 1339 631 in
1360 608 1542 632 sermone

234 656 291 690 De
314 654 585 691 Distinccione
609 655 841 702 Culparum.
875 656 924 690 Et
953 655 1122 691 eundem
1154 655 1316 690 modum
1352 652 1542 702 loquendi

234 713 351 748 habet
383 712 573 748 Ysidorus
614 712 652 748 in
690 712 823 748 libello
862 724 934 748 suo
973 714 1029 748 De
1068 711 1219 748 Ordine
1259 713 1539 748 Creaturarum

232 770 316 805 XIII
350 769 525 817 capitulo
558 779 595 806 et
628 771 765 807 beatus
790 770 1042 806 Bernhardus
1076 769 1115 805 in
1145 771 1201 805 De
1230 768 1543 817 Dispensacione

183 840 219 861 xo
235 836 271 863 et
294 828 484 863 Mandato
507 828 593 863 VIII
626 827 813 876 capitulo.
846 829 894 863 Et
926 827 989 864 hic
1023 828 1213 863 fundatur
1242 826 1381 875 opinio
1405 826 1544 875 quinta

235 885 282 920 ad
329 884 649 932 distinguendum
711 884 942 922 notabiliter
998 885 1100 921 inter
1144 893 1307 933 peccata
1360 884 1545 921 mortalia

235 955 279 978 ac
332 942 520 989 venialia;
572 944 794 980 notandum
847 953 904 979 est
955 944 1175 980 secundum
1224 942 1544 979 Lincolniensem

235 1000 341 1037 dicto
375 1002 424 1036 IV
456 1002 564 1049 quod
597 1003 702 1038 Deus
745 1009 881 1038 noster
925 1010 982 1037 est
1026 1013 1206 1037 summus
1244 1000 1546 1048 paterfamilias,

117 1063 198 1092 211·
236 1058 347 1095 cuius
380 1071 525 1107 magna
559 1060 700 1095 domus
734 1067 790 1096 est
821 1059 892 1095 iste
926 1059 1116 1105 mundus3
1157 1059 1277 1095 habet
1305 1055 1309 1109 Ι
1338 1066 1471 1097 autem
1505 1057 1545 1093 in

182 1116 301 1153 15illa
336 1118 456 1153 domo
501 1117 723 1154 racionales
767 1125 969 1154 creaturas
1015 1125 1057 1152 ut
1096 1116 1258 1163 angelos
1292 1124 1328 1152 et
1361 1115 1544 1152 homines

234 1174 463 1211 servientes.
497 1176 573 1211 Sed
608 1187 697 1211 cum
731 1174 781 1210 sit
813 1174 1068 1219 omnisciens,
1110 1173 1356 1221 predestinat
1389 1173 1544 1221 aliquos

235 1232 283 1268 ad
316 1232 620 1283 beatitudinem,
653 1232 721 1280 qui
755 1232 984 1269 ministrant
1017 1231 1091 1267 sibi
1123 1241 1165 1268 ut
1191 1231 1274 1281 filii
1304 1239 1339 1267 et
1371 1231 1544 1276 heredes,

235 1290 333 1326 alios
367 1299 500 1327 autem
535 1290 681 1338 prescit
720 1291 769 1327 ad
803 1289 1136 1338 dampnacionem
1173 1288 1317 1337 quibus
1357 1301 1446 1325 curn
1481 1290 1546 1325 dat

235 1360 308 1396 pro
352 1356 457 1385 statu
501 1348 560 1385 vie
604 1348 828 1385 libertatem
875 1347 1043 1393 arbitrii,
1088 1348 1308 1383 secundum
1350 1359 1469 1394 quam
1503 1355 1547 1382 ut

180 1417 221 1437 20
237 1405 306 1441 filii
338 1405 482 1443 salvari
514 1414 701 1454 poterunt
735 1414 771 1442 et
806 1405 874 1441 filii
904 1404 1207 1452 condempnari,
1241 1417 1329 1441 cum
1356 1404 1546 1452 predesti-

235 1463 352 1500 nacio
386 1472 423 1501 et
454 1463 700 1512 presciencia
732 1463 781 1500 sit
814 1464 1047 1511 contingens
1080 1463 1130 1499 ad
1162 1461 1417 1508 utrumlibet3
1455 1461 1546 1498 licet

236 1530 368 1558 autem
415 1523 519 1558 Deus
564 1521 752 1558 continue
797 1533 897 1569 eque
942 1529 1050 1557 amat
1097 1519 1401 1568 predestinatos,
1455 1532 1545 1556 cum

235 1578 378 1615 volieio
424 1592 494 1615 sua
539 1592 617 1627 qua
659 1579 742 1615 vult
786 1591 923 1615 omnes
969 1577 1189 1615 beatificari
1234 1577 1283 1614 sit
1328 1576 1545 1623 inmobilis,

237 1636 417 1684 quamvis
462 1637 588 1685 possit
631 1636 747 1673 aliter
790 1649 885 1683 esse,
940 1649 1028 1673 cum
1074 1648 1167 1683 sepe
1212 1636 1360 1672 cadunt
1405 1634 1445 1670 in
1484 1635 1546 1671 via

180 1696 455 1731 25secundum
501 1694 830 1743 ingratitudinem
875 1707 897 1731 a
931 1693 1119 1741 dignitate
1159 1702 1195 1730 et
1227 1693 1390 1729 nomine
1424 1692 1546 1738 filiali,

236 1761 278 1788 ut
311 1761 419 1800 patet
452 1754 500 1789 de
532 1754 675 1800 Adam,
710 1754 841 1799 Petro,
876 1752 1002 1788 David
1036 1760 1073 1788 et
1109 1750 1162 1787 eis
1196 1750 1407 1794 similibus,
1447 1763 1547 1798 quos

236 1812 342 1847 Deus
376 1810 687 1847 misericorditer
731 1810 933 1847 destinans
978 1810 1028 1846 ad
1071 1810 1242 1846 salutem
1276 1808 1456 1857 graciose
1489 1820 1548 1844 re-

236 1877 350 1905 vocat
382 1877 590 1916 tamquam
625 1868 714 1917 pius
748 1877 861 1916 pater
895 1867 997 1904 filios
1030 1866 1248 1915 puniendo,

170 1929 196 1959 D
295 1928 342 1962 Et
365 1925 484 1962 istum
518 1938 677 1963 sensum
712 1925 895 1973 exprimit
922 1925 1138 1973 Apostolus
1164 1926 1284 1961 Hebr.
1308 1925 1392 1970 XII,
1417 1924 1547 1972 5—6:

181 1987 222 2019 30
243 1983 371 2028 obliti,
416 1984 557 2032 inquit,
603 1984 691 2020 estis
735 1983 1012 2020 consolacionis
1055 1995 1168 2031 quam
1215 1981 1319 2018 vobis
1363 1989 1547 2030 tanquam

236 2041 337 2091 filiis
370 2042 539 2091 loquitur
571 2042 718 2078 dicens:
754 2042 832 2077 Fili
864 2041 926 2088 mi,
961 2041 1038 2076 noli
1069 2039 1273 2090 negligere
1305 2039 1546 2088 disciplinam

237 2100 406 2146 Domini,
440 2111 557 2148 neque
583 2099 777 2149 fatigeris
810 2099 898 2134 dum
927 2099 972 2134 ab
996 2110 1038 2134 eo
1071 2098 1277 2148 argueri55
1308 2109 1415 2145 quem
1450 2096 1547 2133 enim

238 2157 366 2207 diligit
389 2158 496 2193 Deus
518 2157 698 2208 castigat,
721 2157 909 2207 flagellat
941 2163 1068 2192 autem
1102 2168 1250 2191 omnem
1274 2155 1404 2205 filium
1437 2166 1547 2203 quem

237 2215 386 2264 recipit.
412 2217 459 2251 Et
482 2215 660 2263 sequitur
683 2215 731 2251 de
753 2213 952 2262 prescitis:
978 2214 1092 2257 Quod
1112 2213 1147 2249 si
1166 2220 1281 2249 extra
1306 2212 1547 2260 disciplinam

181 2273 339 2319 35estis‚
373 2273 479 2309 cuius
506 2273 719 2322 participes
745 2272 853 2321 sacti
882 2279 970 2308 sunt
1003 2283 1144 2317 omnes,
1185 2282 1281 2321 ergo
1313 2269 1484 2306 adulteri
1514 2276 1549 2305 et

237 2343 309 2367 non
344 2331 425 2381 filii
467 2331 568 2367 estis.
623 2330 736 2366 Unde
770 2342 863 2377 ergo
898 2329 1027 2365 dictus
1066 2327 1224 2376 sapiens
1258 2326 1548 2375 paterfamilias

194 2420 197 2423 ,
237 2389 409 2436 quedam
456 2388 496 2424 in
540 2388 662 2423 domo
706 2400 777 2423 sua
815 2386 869 2423 sic
902 2385 1041 2423 statuit
1079 2386 1340 2430 observanda,
1386 2393 1429 2420 ut
1462 2384 1548 2432 qui-

118 2447 199 2480 2111’
238 2458 394 2493 cunque
439 2447 486 2482 de
531 2444 844 2482 racionabilibus
889 2443 1147 2481 servitoribus
1176 2439 1180 2496 Ι
1210 2441 1547 2485 contravenerim,

238 2503 432 2541 eiciantur
464 2504 511 2540 de
541 2504 662 2540 domo
686 2501 850 2551 speciali
874 2511 993 2550 atque
1016 2501 1182 2547 familia,
1217 2502 1388 2549 quedam
1414 2507 1546 2536 autem

307 2658 340 2678 ιι.
363 2649 456 2677 Cod.:
478 2657 516 2677 ac
537 2649 726 2677 notabiliter.
835 2647 880 2683 34.
902 2648 997 2675 Cod.:
1018 2646 1123 2686 diligit
1142 2645 1263 2681 recipit.
1388 2644 1429 2673 35.
1451 2644 1546 2672 Coti:

238 2693 341 2713 omnes
350 2684 425 2720 filii.

308 2755 336 2788 8.
364 2756 487 2787 Isidori
515 2756 605 2796 Opp.
633 2755 685 2786 ed.
714 2755 828 2796 Migne
854 2761 937 2785 tom.
966 2753 1145 2794 LXXXIII,
1172 2761 1249 2794 pag.
1269 2761 1345 2794 944.
1442 2758 1474 2788 9.
1501 2751 1551 2781 St.

239 2803 401 2834 Bernardi
430 2802 520 2844 Opp.
548 2812 623 2843 pag.
651 2801 729 2844 925.
828 2802 880 2841 34.
908 2800 1107 2840 Hebr.>XII,
1135 2797 1166 2834 8.

1746 204 1827 242 519

1568 1179 1823 1208 Predestination.
