2050 3292
254 228 343 256 CAP.
365 218 461 272 xm]
723 228 856 258 LIBER
881 227 1091 258 TER'rius.

254 336 363 375 scivit
408 336 539 372 fucum
586 333 845 383 sophisticum
892 341 1040 369 tactum
1087 330 1269 379 superius
1309 331 1355 366 de
1387 327 1557 365 Jeremia

255 396 468 432 constituto
513 405 632 441 super
674 400 809 440 gentes
855 400 891 427 et
936 402 1071 438 regna,
1117 389 1206 425 ideo
1245 387 1394 425 subdit:
1429 386 1557 433 Disce,

255 451 393 500 inquit,
428 451 495 487 tihi
525 450 679 487 sarculo
713 461 807 499 opus
839 460 930 491 esse,
965 460 1037 484 non
1067 455 1215 496 sceptro
1248 453 1287 481 nt
1309 457 1403 494 opus
1425 444 1558 492 facias

249 510 451 560 prophete.
502 509 553 544 Et
597 508 659 544 ille
703 507 852 556 quidem
898 519 969 542 non
1016 512 1252 556 regnaturus
1290 503 1460 539 ascendit
1491 503 1559 537 sed

198 570 213 601 ἓν
254 568 534 616 extit-patmus.
581 567 628 601 Et
660 566 906 601 demonstrat
940 571 1231 612 consequenter
1263 561 1367 597 illam
1403 567 1557 596 senten-

254 625 355 661 ciam
402 637 471 673 per
516 624 590 660 hoc
636 624 743 671 quod
787 621 991 658 nonlicet
1026 621 1212 657 clericum
1264 619 1476 655 ascendere
1509 618 1557 653 ad

252 682 487 730 dignitatem
535 680 857 728 ecclesiasticam,
910 688 952 715 ut
1004 678 1071 715 fiat
1123 676 1387 725 inperfeccior
1425 676 1558 723 quoad

253 743 395 786 Deum,
420 741 487 776 sed
511 738 707 775 dominari
730 738 785 774 sic
808 736 1038 774 seculariter
1069 745 1125 773 est
1143 743 1268 772 status
1300 733 1559 782 inperfeccior

253 811 372 846 quam
397 806 520 834 status
550 796 774 844 evangelice
807 795 1065 844 paupertatis,
1100 792 1220 842 igitur
1252 805 1332 828 non
1365 792 1456 828 licet
1489 790 1557 827 sibi

139 856 214 889 180'1
253 869 274 892 a
305 857 430 903 gradu
464 856 725 891 monachatus
749 851 752 906 ᾖ
776 855 825 890 ad
858 853 977 890 talem
1013 852 1238 889 ascendere.
1272 850 1386 896 Illud,
1421 849 1559 897 inquit,

254 914 337 949 dico
361 914 560 963 indignum
586 912 653 948 tihi
673 912 770 949 citra
789 912 1008 960 perfectum
1029 921 1147 960 agere
1168 909 1213 944 de
1235 915 1338 943 tanta
1363 915 1559 955 assumpta

248 972 510 1021 perfeccione,
554 979 588 1006 et
632 971 847 1006 evidencizts
880 976 935 1005 est
966 975 1239 1019 argumentum
1280 966 1325 1001 de
1358 965 1560 1014 fratribus

253 1029 542 1065 ascendentibus
586 1029 637 1063 ad
676 1035 857 1077 papatus.
903 1028 1062 1063 Movent
1106 1025 1224 1073 igitur
1263 1022 1560 1071 exproprietarii

254 1096 343 1135 post
377 1087 609 1135 dignitatem
645 1087 831 1134 adeptam
867 1088 923 1130 (ut
950 1085 999 1120 VI
1035 1083 1135 1119 libro
1168 1094 1353 1130 propono
1386 1080 1561 1117 diffusius

200 1145 465 1192 &exponeret
517 1145 625 1192 quod
677 1146 706 1180 si
759 1145 842 1191 quis
895 1151 1073 1179 remanet
1117 1141 1233 1177 civilis
1279 1140 1561 1187 proprietarius

253 1204 488 1250 occupando
521 1202 756 1238 beneficium
791 1202 837 1237 de
870 1201 1108 1248 patrimonio
1149 1198 1296 1234 carnali
1330 1198 1401 1232 sub
1434 1197 1561 1232 forma

253 1261 394 1309 clerici,
433 1261 586 1296 videtur
625 1261 740 1296 michi
774 1260 881 1307 quod
921 1259 1067 1293 nedum
1099 1257 1276 1292 dimidius
1309 1253 1454 1297 recidit,
1495 1255 1563 1289 sed

251 1327 370 1363 totus⁷
415 1327 458 1353 ut
501 1331 572 1354 nec
618 1320 663 1354 sit
710 1318 824 1353 civilis
858 1317 1041 1352 dominus
1073 1327 1146 1351 nec
1187 1314 1350 1349 clericus
1383 1313 1477 1348 dum
1511 1314 1562 1348 sic

250 1378 352 1413 vivit.
386 1377 499 1412 Patet
533 1388 575 1411 ex
608 1377 717 1411 dictis
742 1406 748 1413 .
775 1406 781 1412 .
809 1405 816 1413 .
839 1374 1013 1421 capitulo
1040 1374 1154 1409 huius
1178 1373 1314 1419 quinti,
1348 1382 1441 1406 nam
1474 1371 1563 1406 fun-

196 1443 236 1464 20
252 1435 349 1470 dans
395 1446 590 1481 pauperes
638 1434 684 1469 de
737 1434 849 1468 bonis
902 1433 1063 1468 ecclesie
1127 1439 1319 1477 tanquam
1383 1429 1562 1476 ypocrita

253 1492 486 1528 damnabilis
531 1503 611 1527 non
657 1500 713 1527 est
757 1503 848 1538 pars
882 1490 1017 1538 populi
1050 1490 1118 1524 nisi
1158 1487 1329 1523 finaliter
1361 1487 1564 1533 resipiscat

253 1559 289 1587 et
334 1562 403 1597 per
447 1561 696 1596 consequens
740 1559 977 1596 permanens
1022 1559 1095 1582 nec
1141 1546 1304 1581 clericus
1336 1556 1408 1580 nec
1440 1544 1563 1580 laicus

252 1610 332 1643 sine
365 1608 500 1643 ordine
534 1608 730 1654 punietur.
778 1608 814 1642 Si
864 1607 965 1641 enim
1010 1605 1126 1655 layos
1171 1614 1286 1651 grece
1319 1604 1366 1637 sit
1394 1602 1564 1650 populus

251 1666 382 1714 latine,
416 1665 544 1701 solum
578 1665 641 1700 illa
676 1676 845 1712 persona
880 1671 916 1699 et
950 1663 1120 1710 quelibet
1154 1661 1240 1696 talis
1273 1669 1330 1696 est
1354 1660 1452 1701 laici,
1487 1672 1562 1706 que

194 1722 308 1759 25est
340 1735 433 1770 pars
466 1723 602 1770 populi
637 1722 796 1758 civiliter
819 1722 1100 1758 conversantis.
1134 1718 1404 1755 Confirmatur
1437 1718 1560 1754 enim:

249 1782 383 1817 liceret
426 1781 574 1817 homini
618 1781 812 1817 dominari
858 1779 1016 1815 civiliter
1060 1780 1129 1813 nisi
1163 1785 1296 1824 posset
1334 1788 1425 1811 cum
1458 1783 1562 1811 statu

249 1840 381 1875 habito
414 1840 463 1875 ad
496 1850 776 1886 quemcunque
799 1849 990 1884 magnum
1016 1837 1181 1884 gradum
1208 1835 1398 1870 civilitatis
1426 1844 1563 1869 ascen-

249 1898 340 1933 dere
364 1904 400 1932 et
423 1908 494 1944 per
516 1908 762 1944 consequens
786 1904 896 1932 actus
920 1895 1047 1931 civiles
1070 1895 1108 1929 in
1131 1894 1271 1940 quibus
1295 1893 1564 1927 incurreretur

249 1954 516 2002 irregularitas
551 1966 751 2001 exercereg
785 1954 853 1989 sed
885 1953 957 1989 hec
988 1959 1213 2000 repugnant
1236 1951 1355 1986 statui
1379 1949 1562 1993 clericali,

194 2014 234 2046 30
251 2024 345 2059 ergo
379 2020 415 2048 et
448 2012 606 2048 civiliter
627 2013 834 2048 dominari.
868 2012 1128 2057 Assumptum
1152 2016 1262 2056 patet
1283 2020 1328 2044 ex
1355 2007 1432 2043 hoc
1455 2007 1565 2054 quod

250 2072 355 2106 iuxta
390 2071 580 2117 principia
614 2070 752 2117 policie
777 2080 1013 2117 quecunque
1038 2079 1129 2115 pars
1152 2065 1289 2114 populi
1313 2067 1423 2101 cuius
1447 2065 1564 2100 statui

135 2139 212 2171 181³
250 2140 330 2165 non
375 2136 569 2175 repugnat
613 2129 762 2163 minuta
802 2127 1027 2163 dominacio
1057 2122 1060 2177 Ι
1091 2125 1220 2171 civilis,
1254 2136 1334 2159 non
1368 2130 1564 2170 repugnat

250 2186 540 2233 quantumlibet
585 2187 710 2221 maior
741 2197 812 2232 per
843 2185 1164 2233 adquisicionem,
1206 2182 1469 2229 adopcionem
1504 2180 1564 2216 vel

251 2243 299 2279 ad
332 2244 505 2279 medium
539 2243 659 2280 civile.

1762 221 1840 259 447

189 2304 210 2333 S
307 2302 412 2337 Idem
447 2310 502 2337 est
537 2302 718 2337 iudicium
751 2301 798 2335 de
831 2309 915 2335 toto
954 2308 989 2335 et
1023 2307 1135 2346 parte
1167 2299 1302 2346 quoad
1336 2309 1562 2344 repugnan-
1581 2302 1608 2329 If
1625 2301 1674 2328 ilie
1691 2308 1770 2336 pope
1785 2307 1855 2335 may

251 2360 349 2394 ciam
395 2367 531 2395 status.
586 2360 622 2394 Si
668 2360 782 2405 igitur
826 2358 914 2394 licet
960 2369 1061 2404 pape
1108 2356 1265 2392 civiliter
1299 2356 1491 2391 dominari
1526 2356 1562 2389 in

193 2426 196 2429 “
251 2418 424 2462 minimo,
470 2418 558 2452 licet
602 2416 669 2451 sibi
710 2428 874 2463 regnare
908 2425 943 2452 et
984 2417 1178 2462 imperare
1211 2425 1333 2461 super
1367 2412 1563 2460 quotlibet

250 2486 369 2521 regna
393 2474 552 2510 civiliter
575 2482 612 2509 et
635 2486 703 2521 per
728 2485 975 2520 consequens
1000 2473 1159 2521 bellare,
1192 2473 1373 2508 homines
1397 2482 1562 2518 suspen—

251 2533 355 2575 dere,
382 2532 443 2567 vel
466 2532 577 2568 aliter
600 2532 779 2567 occidere
802 2531 1019 2567 secundum
1043 2542 1203 2566 omnem
1228 2529 1399 2565 formam
1426 2529 1562 2564 mortis

191 2601 235 2632 40
251 2590 382 2640 civilis,
427 2598 464 2625 et
509 2589 635 2625 multo
680 2589 801 2637 magis
846 2589 1061 2637 quemlibet
1108 2600 1299 2635 magnum
1345 2594 1562 2634 patronum

251 2659 448 2684 reservare
472 2647 630 2684 civiliter
654 2659 744 2683 cum
768 2655 931 2695 papatu.
964 2647 1080 2691 Quod
1103 2653 1235 2682 autern
1267 2645 1430 2692 predicti
1453 2652 1564 2679 actus

250 2810 368 2872 camir&
384 2809 429 2829 20.
441 2802 606 2837 funcians;
625 2803 688 2836 lege
700 2801 873 2838 fraudans.
954 2802 999 2829 26.
1022 2802 1117 2830 Cod.:
1139 2802 1218 2830 licet.
1291 2800 1330 2829 31.
1347 2800 1442 2829 Cod.:
1464 2808 1566 2835 quem-

1598 2337 1662 2364 rule
1683 2335 1786 2371 civilly
1808 2339 1837 2361 at

1592 2372 1627 2398 all
1650 2371 1734 2398 there
1753 2370 1779 2397 is
1803 2378 1842 2397 no

1614 2406 1692 2433 linxit
1711 2410 1742 2432 to
1763 2405 1813 2432 the

1655 2441 1773 2467 secular

1593 2476 1839 2510 entanglements

1614 2511 1678 2537 that
1698 2510 1820 2537 involve

1679 2545 1757 2572 hini.
