2050 3292
172 837 209 857 10

173 1114 207 1145 15

111 1463 188 1503 209⁰

172 1692 210 1723 25

224 196 311 223 cAv.
334 186 460 240 xxm]
694 198 826 228 LIBER
852 197 1061 229 TERTIUS,
1733 202 1810 239 515

221 317 302 342 non
346 304 474 340 solum
521 302 767 346 remissibile,
813 303 881 339 sed
925 311 1085 351 oportet
1129 304 1237 351 quod
1281 304 1373 339 data
1412 303 1813 354 veniaThesin-against

222 362 461 405 remittatur,
500 369 543 396 ut
582 369 690 408 patet
729 373 771 396 ex
804 360 1034 397 testimonio
1067 360 1254 397 Veritatis
1287 361 1410 396 Math.
1443 346 1816 408 XII,t¹¹²fj³S⁰¹1{‘„ss'1¹¹⁰⁵t

222 423 345 456 Marc.
369 421 416 455 III
440 428 477 455 et
501 419 605 454 Luce
627 420 710 454 XII.
735 418 872 454 Solum
899 431 991 465 ergo
1014 427 1222 466 peccatum
1249 418 1527 454 continuatum
1571 415 1785 449 immutencc.

222 489 347 525 usque
380 478 429 513 ad
463 484 633 512 mortem
667 484 724 512 est
753 476 1009 523 dampnabile
1042 475 1291 523 simpliciter,
1325 475 1417 512 licet
1450 476 1528 513 alia

227 535 305 571 sint
338 533 680 578 condicionaliter,
715 546 804 569 cum
837 533 914 569 sint
947 533 1082 581 gravia
1100 542 1263 581 peccata
1287 546 1359 581 pro
1383 533 1526 582 quibus

223 601 409 641 peccator
454 590 738 639 dampnabitur
781 590 855 626 nisi
901 591 1083 638 penitens
1116 590 1336 639 resipiscat.
1389 592 1526 627 Solum

224 663 317 698 ergo
365 658 574 698 peccatum
620 648 896 685 continuatum
942 648 982 684 in
1027 648 1104 684 fine
1150 657 1207 685 est
1246 657 1454 696 peccatum
1490 648 1529 685 in

223 707 416 756 Spiritum
441 709 629 743 Sanctum
665 715 701 742 et
724 705 995 742 irremissibile
1018 707 1077 742 vel
1110 707 1292 751 mortale,
1326 715 1368 742 ut
1401 706 1530 742 innuit

223 765 353 814 prima
385 764 603 813 responsio.

282 824 360 860 Sed
403 822 509 859 iuxta
555 822 659 858 istud
703 822 860 858 videtur
904 823 1011 870 quod
1059 822 1191 857 nullus
1235 821 1530 869 predestinatus
1582 830 1780 865 Objeenons:

225 880 403 929 peccavit
437 879 660 916 mortaliter
693 887 729 915 et
762 892 832 927 per
865 891 1114 928 consequens
1149 892 1239 915 cum
1271 879 1400 915 solum
1426 892 1530 915 mor-

224 939 302 975 tale
326 937 517 985 extinguit
541 937 716 985 graciam
740 938 800 973 vel
821 937 1022 984 virtutem,
1053 936 1234 985 sequitur
1267 938 1374 985 quod
1396 938 1529 973 nullus

225 995 518 1044 predestinatus
552 996 718 1031 cadebat
752 1007 772 1031 a
806 995 940 1041 gracia
971 995 1032 1031 vel
1063 994 1218 1034 virtute,

281 1055 392 1098 Item,
437 1062 531 1089 tunc
575 1053 676 1088 foret
721 1052 849 1088 omnis
883 1053 1004 1088 homo
1037 1052 1259 1099 ambiguus,
1307 1065 1396 1088 cum
1431 1061 1531 1089 esset
1552 1062 1600 1089 No
1622 1071 1679 1089 one
1700 1063 1809 1100 lmoxys

225 1111 264 1147 in
297 1119 464 1159 peccato
499 1110 655 1146 mortali
691 1110 892 1156 continue,
927 1110 1020 1158 quia
1043 1110 1210 1158 quilibet
1242 1118 1424 1146 nostrum
1458 1110 1532 1146 scit
1558 1098 1800 1165 ΞζἸΙῚῇξΞζζζᾶιιῙξίᾗῗ

225 1170 332 1217 quod
366 1178 421 1204 est
454 1168 493 1204 in
527 1176 693 1216 peccato
738 1176 774 1203 et
808 1167 934 1204 nescit
977 1176 1112 1203 utrum
1146 1176 1203 1203 est
1235 1167 1530 1216 predestinatus

224 1227 284 1263 vel
327 1225 521 1274 prescitus
566 1234 632 1262 aut
676 1234 810 1261 utrum
845 1227 891 1261 de
924 1234 1089 1273 peccato
1128 1238 1199 1262 suo
1235 1234 1326 1262 ante
1360 1234 1530 1262 mortem

227 1284 300 1321 erit
334 1283 541 1330 contritus,
575 1296 669 1331 ergo
703 1292 775 1321 etc.
810 1283 851 1319 Si
884 1283 989 1319 enim
1023 1284 1145 1319 homo
1179 1283 1227 1319 sit
1256 1283 1295 1319 in
1319 1292 1532 1331 quantum-

227 1354 381 1390 cunque
426 1341 499 1377 levi
543 1350 721 1389 peccato,
768 1342 861 1376 dum
894 1340 1120 1389 impenitens
1159 1340 1306 1377 finierit
1337 1341 1459 1377 vitam
1492 1341 1531 1377 in

170 1412 183 1432 2
226 1400 307 1445 illo,
341 1399 472 1447 ipsum
506 1408 563 1435 est
597 1399 766 1435 mortale
798 1408 836 1434 et
868 1407 1046 1435 econtra.
1081 1400 1156 1435 Sed
1180 1400 1421 1435 antecedens
1445 1396 1527 1451 est]

228 1457 451 1505 cuicunque
483 1456 729 1504 ambiguum,
776 1469 870 1504 ergo
909 1465 946 1493 et
978 1469 1226 1505 consequens
1262 1456 1531 1492 convertibile.

285 1517 394 1565 Item,
434 1527 524 1551 cum
558 1514 724 1563 quilibet
758 1514 924 1550 existens
963 1514 1003 1550 in
1036 1523 1391 1562 quantumcunque
1424 1514 1532 1562 gravi
1560 1516 1803 1564 ³¹¹{d1<›l>clissx'9

228 1581 392 1620 peccato
426 1573 541 1608 debet
573 1573 732 1608 credere
766 1573 874 1620 quod
907 1581 1086 1620 resurget
1119 1581 1156 1608 et
1177 1571 1406 1617 salvabitur,
1441 1551 1821 1623 qtii·a{1'}¹s‡1{}.⁸1{1{2;¹¹*s,²f

228 1630 341 1667 aliter
373 1631 614 1679 desperaret,
654 1638 692 1667 et
723 1629 754 1666 si
788 1639 965 1677 resurget
999 1632 1046 1666 ab
1080 1630 1148 1666 illo
1181 1637 1360 1677 peccato,
1401 1629 1532 1677 ipsum
1589 1621 1777 1647 ²⁰¹¹¹⁶³⁵¹⁰¹¹‘

229 1701 310 1725 non
353 1687 425 1724 fuit
470 1688 639 1724 mortale
685 1689 901 1724 secundum
949 1687 1212 1735 posicionem,
1265 1700 1357 1735 ergo
1405 1688 1534 1723 omnis

227 1745 358 1783 viator
374 1754 728 1794 quantumcunque
750 1745 921 1792 graviter
944 1758 1114 1793 peccans
1136 1758 1218 1781 non
1237 1746 1352 1782 debet
1371 1747 1533 1781 credere

228 1805 335 1852 quod
369 1813 507 1851 peccat
546 1803 767 1840 mortaliter
806 1812 843 1840 et
891 1816 980 1839 cum
1021 1816 1101 1840 non
1147 1812 1306 1851 oportet
1353 1803 1534 1839 confiteri

227 1874 300 1910 pro
332 1861 476 1897 veniali
515 1862 574 1897 vel
617 1860 750 1897 subire
788 1860 1057 1908 penitenciam
1091 1869 1223 1909 preter
1261 1860 1533 1908 aspersionem

229 1931 331 1968 aque
363 1919 569 1955 benedicte
593 1927 629 1955 et
662 1918 740 1954 alia
763 1918 863 1955 levia
886 1931 1009 1966 opera
1040 1918 1212 1966 pietatis,
1246 1918 1402 1954 videtur
1426 1919 1534 1966 quod

173 1982 187 2013 T
228 1989 308 2013 non
352 1985 509 2025 oportet
553 1976 726 2024 aliquem
774 1976 975 2023 confiteri;
1021 1978 1127 2024 quod
1174 1985 1231 2012 est
1263 1975 1533 2024 periculosum

229 2034 371 2080 dicere,
417 2033 509 2082 quia
542 2034 597 2070 sic
630 2035 741 2070 fucus
774 2033 1000 2070 dicencium
1044 2043 1301 2082 peccatorum
1337 2035 1445 2082 quod
1477 2033 1534 2069 di-

231 2087 432 2128 mitterent
484 2092 631 2128 malam
686 2091 1014 2128 consuetudinem
1069 2092 1109 2127 in
1157 2091 1339 2128 extremis
1378 2091 1535 2127 tolleret

229 2162 388 2186 omnem
435 2149 737 2186 accusacionem
771 2163 850 2198 qua
883 2151 1068 2186 sacerdos
1108 2150 1364 2198 redargueret
1395 2162 1535 2197 pecca-

229 2217 371 2244 torem.

287 2267 396 2310 Item,
432 2264 546 2300 multi
579 2264 739 2312 presciti
772 2266 919 2301 cadunt
948 2278 969 2301 a
993 2264 1127 2312 gracia
1152 2273 1187 2301 et
1211 2273 1300 2312 post
1324 2273 1535 2312 resurgunt
1558 2267 1716 2306 Difficutty
1739 2275 1771 2293 as
1793 2272 1823 2294 10

230 2336 298 2371 per
342 2322 623 2370 penitenciam,
669 2322 760 2358 licet
804 2331 919 2358 erunt
964 2322 1138 2358 finaliter
1181 2322 1370 2358 indurati.
1434 2324 1533 2358 Cum
1550 2303 1599 2329 me
1628 2302 1825 2363 pffliwglsllenncnt

195 2418 197 2420 ,
231 2393 323 2427 ergo
369 2381 588 2417 secundum
633 2379 863 2428 opinionem
909 2381 1038 2416 solum
1073 2388 1281 2428 peccatum
1317 2379 1445 2415 finalis
1479 2379 1535 2414 in-
1602 2372 1776 2406 reprobate.

173 2568 217 2598 40

231 2438 454 2486 penitencie
487 2437 536 2473 sit
570 2438 750 2483 mortale,
785 2437 964 2486 sequitur
997 2439 1105 2486 quod
1142 2450 1280 2474 omnes
1313 2439 1410 2473 tales
1443 2446 1535 2473 ante

231 2496 348 2532 finale
372 2504 580 2543 peccatum
605 2508 685 2531 non
714 2505 931 2544 peccarunt
965 2495 1204 2541 mortaliter;
1238 2497 1345 2544 quod
1377 2495 1536 2531 videtur

231 2566 456 2597 erroneum,
490 2552 714 2600 specialiter
747 2566 835 2589 cum
871 2553 910 2588 in
943 2553 1115 2601 prescito
1153 2563 1318 2601 peccata
1351 2552 1537 2589 mortalia

232 2611 477 2661 reviviscent,
510 2611 565 2647 sic.
598 2612 705 2659 quod
729 2624 801 2658 pro
830 2610 941 2646 omni
966 2611 1124 2646 mortali
1148 2613 1256 2659 quod
1280 2610 1537 2647 commiserat

232 2668 428 2717 punietur,
461 2668 555 2717 quia
588 2670 635 2706 de
667 2668 776 2705 omni
810 2668 879 2704 tali
912 2668 1073 2705 dolebit.

301 2811 335 2831 11.
357 2802 450 2830 Cod.:
471 2810 532 2830 non
550 2802 656 2830 solum.
771 2801 818 2830 36.
840 2801 935 2830 Cod.:
956 2804 1056 2830 erant.
