2050 3292
179 236 259 284 462

246 1224 314 1252 God
338 1225 391 1252 has

197 1260 329 1294 charged
352 1269 386 1287 us
408 1265 438 1287 to

198 1296 273 1322 have
294 1303 363 1322 care
385 1303 442 1322 one

224 1330 259 1357 of
275 1331 413 1357 another.

200 1702 225 1729 It
248 1703 272 1729 is
293 1702 342 1730 the
364 1702 439 1737 duty

207 1738 241 1764 of
259 1738 294 1764 all
318 1737 425 1771 rulers,

216 1773 374 1806 rigliteous
396 1780 431 1799 or

215 1807 427 1842 unrigliteous,

206 1847 237 1869 to
260 1843 299 1868 do
320 1841 437 1876 justice.

892 243 951 274 DE
980 242 1116 274 cmm
1143 242 1352 273 DOMINIO.
1551 228 1662 284 [CAP.
1683 235 1778 266 xxn.

466 349 572 386 tatis.
606 351 708 386 Nam
743 351 770 389 1.
802 348 995 386 Johannis
1027 348 1092 396 III,
1127 358 1195 399 17:
1236 348 1314 393 Qui
1344 348 1439 385 vidit
1459 348 1637 397 fratrem
1669 360 1779 384 suum

467 407 728 444 necessitatem
769 407 910 444 habere
947 415 983 443 et
1020 407 1205 443 clauserit
1236 407 1384 443 viscera
1422 419 1491 442 sua
1524 407 1569 442 ab
1603 418 1658 453 eo,
1691 418 1781 454 quo-

467 466 581 503 modo
614 466 760 502 caritas
780 465 857 501 Dei
886 472 1013 501 manet
1045 464 1081 500 in
1114 465 1211 500 illo?
1250 464 1327 508 Qui
1357 477 1429 500 non
1454 464 1581 514 diligit
1605 465 1780 512 fratrem

465 536 577 560 suum
606 520 611 576 1
639 535 749 572 quem
783 523 898 570 videt,
936 524 1064 559 Deum
1103 534 1212 572 quem
1246 534 1318 558 non
1359 523 1460 558 videt
1497 522 1685 570 quomodo
1714 534 1783 571 po·
1827 525 1906 566 187³

466 589 537 617 test
571 581 766 632 diligere?
1800 583 1816 615 5

522 639 667 676 Tereia
700 651 820 676 causa
843 647 900 675 est
933 638 1025 687 quia
1061 637 1253 674 iudicium
1287 637 1389 673 sicut
1412 636 1486 674 erit
1510 637 1781 681 manifestum,
1825 642 1851 673 F

467 697 522 733 ita
555 696 630 733 erit
662 696 745 733 eius
779 696 938 733 iusticia
972 695 1197 743 manifesta,
1231 696 1337 732 unde
1371 704 1408 732 et
1440 695 1641 743 inspecta;
1675 707 1782 731 nunc

467 764 600 791 autem
642 763 761 792 testes
801 753 1071 803 copiosissimi
1109 756 1157 791 de
1188 753 1390 802 operibus,
1430 766 1536 793 nunc
1575 762 1611 789 et
1644 766 1782 790 eorum

468 812 702 860 defectibus,
736 812 825 849 ideo
860 813 976 849 iudex
1007 825 1088 849 non
1120 811 1312 848 iudicabit
1344 811 1384 847 in
1418 824 1539 848 causa
1572 824 1670 859 pure
1692 824 1784 859 pro-

467 870 568 921 pria,
608 872 677 909 sed
721 871 761 907 in
800 883 920 907 causa
952 872 1011 907 sui
1043 870 1195 920 populi⁷
1240 882 1358 918 quem
1400 871 1517 906 debet
1553 869 1594 905 in
1626 869 1843 906 iusticiam

468 930 669 977 regulare;
715 937 881 978 propter
925 929 1023 965 tales
1070 940 1208 965 causas
1253 927 1429 976 requiret
1462 929 1566 963 Deus
1604 927 1643 963 in
1678 927 1785 963 finali

468 986 616 1024 iudicio
664 986 957 1023 districtissime
1003 988 1051 1024 ab
1097 985 1284 1022 omnibus
1329 985 1558 1022 christianis
1604 987 1652 1021 de
1704 985 1786 1021 istis

469 1054 620 1092 septem
655 1045 930 1093 spiritualibus
964 1043 1153 1092 operibus
1188 1043 1476 1090 misericordie,
1510 1043 1600 1080 ideo
1633 1042 1689 1079 illi
1719 1043 1787 1091 qui

469 1112 635 1150 presunt
680 1112 867 1140 tenentur
912 1104 958 1139 ad
1007 1103 1075 1139 illa
1119 1101 1322 1150 precipue.
1369 1103 1485 1138 Unde
1518 1100 1787 1138 Ecclesiastici

469 1161 589 1206 XVII,
621 1171 688 1199 12:
722 1162 831 1198 Deus
863 1161 1063 1197 mandavit
1095 1160 1171 1196 illis
1204 1160 1403 1208 unicuique
1429 1160 1476 1196 cie
1497 1159 1681 1208 proximo
1704 1164 1843 1196 suo.1:'>

472 1218 649 1264 Quilibet
665 1218 770 1255 enim
789 1218 1029 1255 christianus
1048 1227 1206 1255 tenetur
1226 1217 1590 1266 indispensabiliter
1604 1217 1787 1265 proximo

471 1289 543 1313 suo
577 1289 699 1325 opera
735 1276 1004 1314 misericordie
1037 1277 1256 1325 rependere
1289 1276 1535 1323 pertinenter
1573 1276 1623 1312 ad
1656 1283 1789 1323 potes-

470 1342 591 1371 tatem
628 1344 664 1371 et
697 1336 804 1372 dona
837 1348 912 1383 que
945 1337 1052 1382 Deus
1085 1336 1135 1371 ad
1168 1336 1243 1371 hoc
1275 1334 1502 1382 prestiterit.
1555 1336 1603 1370 Et
1641 1333 1698 1369 sic
1730 1334 1789 1369 lex

471 1394 663 1430 canonica
709 1394 757 1430 de
788 1392 1010 1430 insolencia
1043 1393 1293 1439 refrenanda,
1338 1393 1397 1428 lex
1438 1391 1562 1429 civilis
1603 1392 1651 1428 de
1689 1403 1788 1439 pace

470 1450 707 1488 stabilienda
751 1452 820 1487 sed
864 1452 1054 1499 precipue
1097 1451 1157 1487 lex
1202 1450 1427 1497 evangelica
1475 1451 1524 1486 de
1568 1449 1788 1486 dileccione
1804 1463 1846 1486 20

470 1509 648 1546 fraterna
682 1518 889 1546 moverent
921 1521 1033 1557 reges
1066 1510 1117 1545 ad
1151 1508 1443 1545 ecclesiasticos
1477 1507 1789 1544 misericorditer

472 1568 739 1615 castigandos.
791 1569 874 1603 Nec
914 1575 1048 1604 movet
1079 1567 1193 1603 fucus
1232 1566 1474 1614 sophisticus
1519 1578 1599 1614 quo
1644 1565 1788 1602 dicitur

472 1626 656 1662 dominos
712 1626 912 1662 seculares
956 1638 1038 1662 non
1083 1626 1227 1661 debere
1272 1626 1419 1661 clerum
1467 1623 1669 1672 corripere
1712 1623 1788 1660 nisi

471 1683 619 1720 fuerint
663 1683 756 1720 iusti
801 1684 976 1720 volentes
1022 1683 1160 1720 melius
1206 1684 1429 1731 expendere
1474 1684 1579 1719 bona
1624 1681 1788 1718 ecclesie

472 1754 593 1790 quarn
628 1742 727 1778 tales
761 1741 913 1788 clerici3
953 1742 1022 1778 sed
1055 1741 1131 1778 ista
1163 1740 1379 1789 disposicio
1414 1740 1561 1786 deficit,
1601 1739 1718 1787 igitur
1752 1748 1789 1776 et
1805 1745 1844 1777 25

473 1799 651 1836 debitum
686 1799 922 1848 corrigendi.
970 1802 1085 1836 Patet
1131 1801 1240 1848 quod
1274 1799 1418 1836 falsum
1452 1797 1689 1845 assumitur3
1725 1799 1788 1834 de-

471 1859 564 1894 bent
598 1857 704 1894 enim
739 1857 943 1906 corripere
976 1857 1057 1894 sive
1086 1853 1090 1910 Ι
1118 1857 1267 1894 fuerint
1290 1857 1382 1894 iusti
1413 1855 1493 1893 sive
1526 1856 1675 1904 iniusti,
1708 1869 1789 1893 non
1833 1857 1910 1903 187h

471 1917 616 1953 debent
660 1915 863 1964 corripere
907 1924 952 1952 ut
984 1915 1134 1965 iniusti,
1171 1915 1268 1964 quia
1302 1917 1447 1952 debent
1480 1927 1564 1951 esse
1597 1914 1689 1951 iusti
1722 1914 1790 1950 sed

470 1982 626 2011 servata
685 1973 844 2010 iusticia
889 1973 1037 2011 iustum
1085 1986 1187 2022 opus
1235 1973 1389 2011 faciunt
1427 1971 1590 2009 eciamsi
1628 1971 1788 2009 iniuste.

470 2033 586 2068 Unde
630 2031 662 2068 si
707 2032 780 2068 iste
824 2032 938 2068 fucus
972 2040 1150 2068 moveret
1182 2044 1268 2078 nos,
1314 2044 1384 2079 per
1416 2031 1523 2067 idem
1557 2043 1640 2066 non
1674 2030 1790 2066 mini·
1807 2036 1849 2067 30

469 2098 688 2126 straremus
722 2098 976 2127 sacramenta
1008 2102 1082 2127 nec
1129 2089 1401 2138 reciperemus
1434 2102 1456 2126 a
1490 2088 1661 2125 subditis
1684 2090 1790 2125 bona

469 2147 649 2195 ecclesie,
689 2148 785 2196 quia
824 2161 905 2184 non
938 2147 995 2184 sic
1027 2148 1251 2184 faceremus
1284 2147 1361 2184 nisi
1394 2147 1508 2195 iuste,
1549 2148 1619 2183 sed
1652 2160 1788 2183 sumus

469 2206 687 2254 plurimum
718 2205 870 2253 iniusti,
895 2205 998 2242 sicut
1029 2205 1297 2255 supponimus
1331 2205 1505 2242 dominis
1529 2205 1787 2252 secularibus,

469 2263 589 2312 igitur
623 2263 842 2301 conclusio.
897 2264 1018 2301 Sicud
1051 2263 1172 2312 igitur
1204 2264 1245 2300 in
1284 2263 1469 2301 faciendo
1502 2276 1603 2311 opus
1638 2263 1789 2300 miseri-

470 2322 606 2359 cordie
637 2323 698 2359 vel
742 2322 960 2359 elemosine
1004 2322 1219 2359 tribuendo
1260 2323 1376 2359 debet
1409 2321 1539 2358 caveri
1579 2321 1847 2369 ypocrisis,35

472 2379 528 2417 sic
551 2379 591 2416 in
614 2380 798 2417 faciendo
822 2393 922 2428 opus
949 2380 1223 2417 misericordie
1245 2380 1306 2417 vel
1330 2379 1546 2416 elemosine
1571 2379 1789 2416 auferendo

471 2438 588 2475 debet
633 2437 762 2475 caveri
807 2439 945 2485 fastus,
990 2439 1098 2475 zelus
1141 2437 1318 2475 vindicte
1363 2447 1483 2487 atque
1523 2437 1721 2486 cupiditas
1755 2446 1791 2474 et

471 2495 705 2533 intendendi
728 2495 935 2533 caritative
960 2495 1187 2533 misericors
1211 2495 1408 2533 relevacio
1436 2495 1621 2544 proximi,
1657 2497 1789 2544 quoad

470 2552 717 2591 intellectum
734 2554 1022 2603 speculativum
1042 2567 1113 2603 per
1128 2554 1368 2601 doctrinam,
1385 2556 1521 2603 quoad
1544 2553 1789 2590 intellectum

540 2734 567 2763 8.
589 2735 647 2762 Hic
660 2735 747 2762 locus
762 2740 927 2771 corruptus
942 2740 1004 2767 est;
1025 2735 1186 2763 Fortasse:
1206 2735 1287 2763 sicut
1300 2738 1390 2763 testes
1405 2755 1411 2762 .
1428 2755 1433 2762 .
1452 2755 1458 2763 .
1472 2735 1518 2762 sic
1534 2755 1539 2761 .
1557 2753 1564 2761 .
1638 2732 1677 2761 13.
1694 2733 1789 2761 Cod.:

473 2768 661 2805 diligentem·
680 2771 947 2806 suprascriptum:
968 2770 1224 2798 misericorditer.
1311 2778 1354 2798 22.
1376 2770 1472 2798 Cod.:
1495 2768 1587 2805 quod.

545 2855 574 2886 3.
602 2854 624 2885 Ι.
650 2854 726 2887 Joh.
753 2855 809 2894 IV,
838 2864 890 2887 20.
