2050 3292
214 619 316 647 Aurlw
312 619 377 653 ›iiiy
399 617 434 644 os

215 654 361 686 Aristone
383 656 428 680 iaer)

222 689 349 726 leeping
370 689 418 714 ilic

228 732 308 758 pilos
297 709 384 749 s'tlioo
390 722 406 748 d

258 758 304 784 di
309 759 394 784 [incl.

269 2120 336 2147 The
358 2120 404 2154 lay

212 2155 324 2189 priests
345 2154 379 2181 οἵ
396 2154 444 2180 the

215 2190 341 2227 heuheu
362 2196 443 2215 uere

208 2229 236 2251 to
260 2227 293 2251 be
314 2223 404 2259 given
427 2227 455 2249 to

207 2244 457 2293 contemplation.

902 228 961 259 DE
990 227 1126 258 civtm
1153 226 1363 257 noriiNio.
1576 214 1682 269 [CAP.
1704 223 1784 250 xxi.

475 335 638 371 clericus
678 346 760 370 esse
793 345 973 382 eroycus,
1013 341 1055 368 ut
1093 333 1267 381 loquitur
1296 332 1527 369 Aristoteles
1558 333 1625 368 VII
1660 332 1784 368 Ethie.

473 395 602 441 primo
626 392 815 440 capitulo,
844 391 1121 428 bestialitatem
1145 391 1352 437 laycorum
1376 392 1480 427 circa
1502 389 1786 437 temporalium

474 450 733 486 affeccionem
768 449 988 493 excuciens,
1022 456 1064 484 ut
1096 449 1289 496 probatur
1313 448 1486 495 capitulo
1519 449 1584 483 XII
1619 448 1731 483 huius
1754 449 1787 483 V

475 521 517 544 ex
564 507 671 543 dicto
711 506 894 554 Origenis
939 506 985 542 de
1029 506 1299 542 sacerdotibus
1338 505 1481 553 Egipti,
1529 514 1565 541 et
1609 505 1787 541 meminit

475 566 706 602 &ristoteles
730 567 857 611 primo
881 564 1259 611 Methaphisicorum
1289 562 1418 610 primo
1453 563 1638 610 capitulo.
1673 564 1786 599 Unde

474 624 539 658 VII
572 624 769 660 Politicor.
792 623 825 656 V
859 621 1032 669 capitulo
1066 620 1158 657 dicit
1193 620 1423 657 Aristoteles
1458 622 1563 669 quod
1597 633 1661 657 sex
1694 629 1787 656 sunt

476 690 606 728 partes
647 681 810 716 civitatis
849 679 1101 727 principales,
1142 691 1303 726 quarum
1342 679 1471 727 quinta
1511 686 1565 714 est
1604 679 1788 727 precipue

475 739 577 774 circa
612 739 780 773 divinam
815 749 948 772 curam
983 749 1094 784 quam
1130 744 1265 771 vocant
1296 737 1572 772 sacerdocium.
1610 738 1646 772 Si
1670 736 1788 783 igitur

474 797 693 832 secundum
740 795 1022 843 philosophum
1070 793 1274 830 ethnicum
1328 806 1391 830 sex
1437 803 1569 842 partes
1618 793 1786 830 civitatis

475 863 565 889 sunt
590 853 776 903 agricole,
800 851 986 897 artifices,
1012 861 1269 900 pugnatores,
1304 852 1524 899 opulentes,
1559 852 1787 888 sacerdotes

476 920 511 947 et
536 911 696 957 iudices,
732 923 830 959 quas
854 918 1011 958 oportet
1035 909 1075 946 in
1096 918 1204 946 recta
1230 909 1370 957 policia
1402 922 1485 946 esse
1518 911 1784 957 inpermixtas‚

476 977 518 1004 ut
550 977 659 1016 patet
682 970 861 1016 proximo
886 968 1059 1015 capitulo
1083 966 1261 1003 eiusdem
1284 966 1454 1015 septimi,
1489 976 1640 1015 quanto
1664 966 1788 1015 magis

476 1035 635 1074 oportet
679 1026 718 1062 in
763 1027 845 1073 lege
880 1025 1024 1062 Christi
1070 1025 1219 1061 iudices
1265 1034 1301 1061 et
1345 1026 1572 1061 sacerdotes
1619 1037 1702 1061 esse
1735 1027 1788 1060 in-

477 1084 709 1132 permixtos;
755 1097 848 1120 nam
892 1085 1016 1131 magis
1062 1085 1188 1130 eroyci
1241 1091 1278 1119 et
1323 1084 1519 1119 mundum
1565 1084 1788 1119 deserentes

477 1144 622 1178 debent
646 1154 730 1179 esse
753 1142 981 1178 sacerdotes
1000 1140 1160 1186 Christi,
1187 1143 1326 1189 quibus
1351 1150 1531 1177 caracter
1555 1149 1590 1176 et
1614 1148 1788 1188 potestas

478 1200 646 1236 clavium
680 1200 791 1247 regni
837 1200 1014 1236 celorum
1074 1198 1359 1248 inprimuntur,
1400 1211 1521 1247 quam
1561 1199 1788 1235 sacerdotes

478 1271 576 1306 quos
620 1258 793 1306 populus
838 1256 992 1305 gentilis
1037 1258 1215 1294 instituit.
1270 1258 1369 1293 Cum
1415 1256 1533 1305 igitur
1569 1256 1789 1293 secundum

476 1315 732 1352 Aristotelem
755 1316 898 1352 ibidem
922 1315 1131 1351 bellatores
1156 1314 1426 1351 constituendi
1451 1322 1542 1350 sunt
1567 1314 1606 1350 in
1630 1314 1788 1350 iuvenili

478 1382 592 1418 etate,
628 1374 790 1421 quando
813 1374 915 1420 viget
948 1372 1151 1416 fortitudo,
1187 1372 1418 1408 consiliativi
1453 1381 1488 1408 et
1520 1371 1719 1408 iudicativi
1752 1373 1789 1406 in

478 1441 665 1479 provecta
699 1439 760 1467 eta
789 1431 792 1478 Ι
823 1440 873 1475 te,
909 1432 1071 1478 quando
1095 1432 1195 1478 viget
1219 1431 1449 1477 prudencia,
1483 1431 1549 1466 sed
1575 1429 1789 1466 honorabi—

477 1490 607 1525 lissimi
641 1489 711 1526 viri
744 1488 783 1524 in
817 1489 953 1524 ultima
987 1497 1103 1534 etate,
1143 1488 1304 1536 quando
1337 1501 1417 1524 non
1451 1496 1616 1536 possunt
1647 1500 1789 1523 vacare

478 1547 549 1583 nisi
584 1546 930 1594 contemplacioni,
970 1547 1194 1582 instituendi
1218 1554 1307 1582 sunt
1330 1547 1556 1582 sacerdotes
1589 1558 1637 1581 ne
1661 1545 1791 1581 officia

478 1607 553 1641 sint
586 1607 814 1650 commixta,
860 1605 928 1640 sed
974 1605 1228 1652 procedendo
1274 1605 1321 1640 ab
1367 1604 1587 1651 inperfecto
1621 1604 1670 1639 ad
1703 1615 1791 1650 per-

481 1664 639 1708 fectum,
673 1663 744 1698 illis
778 1663 843 1710 qui
876 1663 974 1698 bene
1006 1674 1047 1698 se
1080 1663 1270 1709 gesserint
1303 1661 1341 1697 in
1375 1662 1529 1698 militari
1563 1669 1599 1698 et
1628 1662 1663 1696 in
1697 1660 1787 1696 iudi-

481 1723 606 1757 cativo
659 1719 792 1756 officio
845 1720 1145 1756 attribuendum
1198 1729 1255 1755 est
1313 1718 1456 1755 ultimo
1516 1718 1824 1755 sacerdocium2

480 1788 673 1827 tanquam
717 1779 939 1825 proximum
985 1777 1176 1822 felicitati;
1223 1777 1348 1813 multo
1395 1776 1519 1825 magis
1563 1777 1678 1813 debet
1717 1777 1792 1812 hoc

480 1838 679 1873 observari
725 1837 772 1872 de
817 1836 1088 1872 sacerdotibus
1123 1836 1277 1879 Christi,
1312 1836 1418 1883 quod
1459 1836 1630 1871 habeant
1662 1833 1792 1870 officia

482 1896 714 1942 impermixta
761 1907 850 1930 cum
897 1894 1043 1930 seculo.
1099 1894 1213 1930 Unde
1258 1894 1476 1929 secundum
1540 1892 1791 1929 Aristotelem

481 1954 623 1988 ibidem
657 1954 727 1988 ista
761 1952 819 1987 lex
852 1953 900 1987 de
924 1952 1201 1988 constituendo
1227 1953 1420 1987 civitatem
1450 1949 1721 1998 principaliter
1754 1951 1791 1985 in

481 2011 755 2046 sacerdotibus
793 2022 875 2045 non
908 2017 965 2046 est
1002 2022 1107 2045 nunc
1141 2021 1289 2054 recens,
1325 2022 1413 2045 curn
1449 2008 1623 2056 Egypcii,
1658 2010 1792 2045 Cretes

483 2077 519 2104 et
552 2068 689 2103 Ytalici
721 2067 848 2114 ipsam
881 2066 1124 2105 invenerant.

542 2127 594 2161 Ex
640 2137 717 2172 quo
762 2137 950 2172 processu
1001 2124 1278 2172 philosophico
1318 2125 1472 2160 videtur
1517 2125 1645 2171 primo
1686 2123 1793 2170 quod

484 2184 624 2230 policia
657 2191 733 2218 stat
766 2184 894 2230 primo
928 2191 965 2218 et
998 2182 1269 2230 principaliter
1293 2182 1330 2217 in
1354 2181 1585 2218 sacerdocio
1609 2180 1792 2225 seculari,

485 2241 559 2276 hoc
604 2250 660 2276 est
705 2240 744 2276 in
789 2242 964 2288 personis
1009 2241 1128 2288 laycis
1173 2240 1530 2276 honorabilioribus
1576 2247 1612 2274 et
1645 2239 1793 2285 eroycis

485 2297 719 2334 docentibus
765 2311 898 2335 sacras
936 2299 1060 2346 leges3
1106 2298 1204 2334 tales
1245 2299 1346 2333 enim
1379 2306 1523 2334 vocant
1556 2298 1639 2332 iura
1672 2296 1793 2332 civilia

484 2358 733 2405 sacerdotes,
758 2365 799 2392 ut
832 2364 942 2404 patet
974 2357 1002 2392 F
1035 2358 1072 2392 in
1106 2356 1309 2404 principio.

555 2547 592 2575 ⁴31.
616 2548 711 2575 Cod.:
738 2547 869 2574 t'talicz'i.
943 2547 989 2575 30.
1007 2547 1101 2574 Cod.:
1117 2547 1298 2575 sacerdotis.
1373 2546 1417 2574 38.
1434 2546 1510 2574 Cod.
1522 2556 1527 2572 z
1541 2544 1673 2572 diminui
1689 2544 1794 2571 cultus.

563 2652 585 2672 1
614 2641 861 2673 Aristotelesl.
888 2651 914 2672 c.
1028 2642 1057 2674 3.
1084 2641 1171 2672 Vide
1197 2651 1299 2682 supra
1324 2650 1400 2682 pag.
1429 2639 1504 2672 208.
1602 2638 1631 2671 5.
1657 2639 1796 2670 Rectius

489 2689 514 2717 X
523 2687 546 2717 ΙΙ
574 2688 706 2718 Politic.
746 2687 823 2718 Vll:
856 2685 1028 2729 Πέμπτον
1059 2685 1098 2718 δὲ
1129 2697 1189 2718 και
1220 2689 1365 2728 πρῶτον
1395 2683 1460 2727 τὴν
1490 2683 1571 2727 πεοὶ
1611 2681 1652 2716 τὸ
1691 2685 1797 2716 θεῖον

487 2729 689 2774 ἑπιιιέλειαν
716 2744 759 2774 ην
776 2733 943 2764 καλοῦσιν
967 2731 1157 2775 ἱερατείαν.
1240 2731 1290 2765 36.
1321 2733 1365 2763 F
1373 2747 1416 2758 =
1443 2732 1569 2763 FF-
1527 2746 1570 2750 —
1603 2732 1795 2762 pandectis.

487 2780 554 2811 sit.
586 2779 607 2813 Ι.
634 2780 683 2810 De
712 2780 838 2810 iustitia
867 2786 899 2810 et
924 2780 1014 2811 iure:
1059 2780 1167 2811 Cuius
1209 2779 1335 2811 merito
1374 2779 1450 2820 quis
1492 2788 1553 2810 nos
1594 2777 1796 2810 sacerdotes

489 2826 652 2868 appellet.

1808 863 1846 883 10

1810 1143 1844 1175 15

1834 1432 1910 1476 170¹)

1810 2011 1851 2042 30

1810 2298 1849 2331 35
