2050 3292
217 227 296 263 612
933 227 991 258 ηε
1020 227 1155 258 CIVILI
1183 225 1391 257 nomino.
1580 211 1684 268 [CAP.
1707 220 1815 249 xxvi.

260 347 375 374 choose
396 347 445 373 1110
506 333 737 385 ignorancia
782 345 829 369 ne
874 332 923 369 sit
969 332 1137 368 mortale
1181 344 1263 368 non
1302 331 1356 367 sic
1391 340 1549 367 excusat
1582 339 1814 379 peccantem

217 382 487 443 Χζζοξξεὲξᾎὲῐξὲξ
508 408 551 432 ex
583 402 692 430 certa
725 389 975 428 consciencia
1008 398 1045 426 et
1077 389 1179 433 ideo,
1224 398 1266 425 ut
1300 389 1377 425 dixi
1409 389 1592 437 proximo
1627 388 1813 436 capitulo,

264 452 440 486 iguorance.
505 451 744 495 Jeronimus,
762 448 1020 497 Augustinus,
1039 448 1292 484 Bernhardus
1308 449 1532 495 ponderant
1547 446 1665 483 istam
1682 459 1815 483 cecam

507 509 750 547 eleccionem
784 516 979 554 tanquam
1016 514 1183 542 matrem
1218 504 1518 553 peccaminum3
1560 514 1596 541 et
1628 506 1699 541 hec
1727 505 1732 553 Ι
1762 513 1818 541 est
1857 503 1937 545 248b

506 568 615 605 racio
632 578 767 614 quare,
787 564 1027 600 dimittendo
1043 572 1190 600 statum
1208 563 1323 599 nobis
1340 563 1582 599 securiorem
1602 572 1644 598 ut
1667 571 1815 598 statum
1835 563 1850 594 5

506 636 723 674 pauperem
741 622 818 659 vite
835 622 982 659 Christi
1008 620 1332 667 conformior-em,
1357 620 1528 658 vivendo
1552 620 1817 668 proprietarie

506 685 544 720 in
588 681 800 730 opulencia
845 692 1058 727 peccamus
1104 679 1306 725 continue,
1353 679 1459 728 quia,
1494 688 1536 714 ut
1568 678 1662 714 dicit
1695 680 1817 714 Bern-

505 742 655 777 hardus
688 739 727 775 in
761 741 817 774 De
851 737 1164 786 Dispensacione
1198 737 1373 785 capitulo
1402 738 1450 783 X,
1492 737 1566 772 vita
1596 737 1817 772 monachica

506 810 547 835 ει)
580 805 637 834 est
668 797 843 833 securior
874 808 945 844 quo
978 796 1121 841 arcior,
1156 807 1197 831 eo
1227 795 1378 831 cercior
1411 807 1481 843 quo
1517 794 1644 844 magis
1678 795 1816 831 ardua.

505 859 607 894 Nam
631 867 784 904 pauper
813 862 869 890 est
892 853 1070 889 securior
1093 854 1227 901 quoad
1251 854 1459 901 mundum,
1492 853 1624 900 quoad
1655 864 1815 889 carnem
1837 864 1875 884 10

507 924 625 963 atque
650 913 880 960 dyabolum,
905 911 993 947 ideo
1016 923 1229 958 peccamus
1253 910 1425 957 graviter
1443 909 1677 957 accipiendo
1700 922 1817 958 super

507 986 578 1009 nos
612 971 865 1019 gravedinem
891 969 967 1005 vite
994 969 1184 1006 secularis
1209 969 1445 1004 dimittendo
1479 968 1645 1011 facilius,
1680 981 1817 1015 ymmo

507 1041 647 1067 omnes
679 1040 894 1076 peccamus
928 1026 1148 1075 ignorando
1182 1026 1276 1074 quid
1311 1035 1367 1063 est
1399 1025 1513 1062 nobis
1545 1025 1692 1063 utilius.
1740 1027 1818 1062 Sed

508 1086 769 1125 criminaliter
803 1087 944 1121 damus
988 1086 1121 1121 locum
1169 1085 1353 1132 dyabolo,
1401 1084 1563 1132 quando
1597 1083 1719 1131 gratis
1752 1085 1818 1120 de-

508 1145 682 1184 sistimus
715 1143 874 1192 operari
919 1145 1067 1179 bonurn
1122 1142 1319 1179 imitando
1363 1141 1467 1178 viam
1514 1141 1671 1181 Christi,
1727 1141 1875 1189 quia15

507 1204 667 1240 Psalmo
700 1203 815 1247 XVII,
850 1214 873 1246 4
909 1201 1071 1237 dicitur:
1120 1201 1283 1236 laudans
1327 1200 1509 1236 invocabo
1541 1200 1751 1235 Dominum
1787 1207 1821 1235 et

507 1263 553 1297 ab
588 1260 748 1296 inimicis
782 1260 873 1295 meis
905 1259 1036 1295 salvus
1067 1270 1145 1295 ero.
1191 1258 1258 1294 Ille
1292 1266 1423 1294 autem
1458 1270 1537 1294 non
1570 1257 1707 1294 laudat
1740 1259 1818 1293 Do-

510 1319 661 1355 minum
696 1317 763 1366 qui
796 1317 960 1365 negligit
998 1316 1079 1352 eius
1113 1316 1323 1352 consilium
1358 1317 1425 1352 sed
1458 1315 1682 1352 voluntarie
1716 1314 1820 1351 cedit

509 1376 633 1424 hosti3
666 1375 890 1424 periculosa
914 1371 1035 1422 igitur
1058 1383 1115 1411 est
1138 1375 1210 1410 hec
1234 1375 1377 1422 glossa,
1413 1385 1501 1410 cum
1529 1385 1572 1409 ex
1596 1373 1672 1409 fide
1695 1372 1819 1410 nichil

509 1436 700 1472 debemus
734 1433 896 1481 diligere
929 1432 1003 1468 nisi
1027 1435 1155 1468 Deum
1181 1433 1241 1468 vel
1273 1432 1312 1467 in
1345 1431 1483 1468 ordine
1517 1432 1567 1467 ad
1599 1444 1705 1474 eum,
1737 1444 1819 1468 non
1835 1442 1877 1463 20

509 1502 565 1529 est
599 1501 731 1529 autem
767 1493 866 1527 ordo
912 1492 961 1527 ad
1010 1490 1255 1538 diligendum
1290 1492 1417 1526 Deum
1454 1488 1742 1537 precipientem
1778 1501 1819 1525 se

509 1550 618 1598 diligi
652 1563 695 1586 ex
728 1558 811 1585 toto
847 1557 978 1585 mente
1008 1557 1051 1584 ut
1084 1548 1254 1584 scienter
1292 1557 1586 1596 postponamus
1619 1549 1702 1583 Deo
1736 1547 1818 1595 pla-

510 1608 687 1655 cencius3
722 1609 796 1643 hoc
831 1607 934 1643 enim
971 1605 1143 1642 declinat
1175 1618 1196 1642 a
1229 1605 1290 1642 via
1324 1605 1513 1653 diligendi
1547 1606 1689 1641 Deum.

568 1667 642 1702 Sed
679 1674 818 1702 contra
851 1665 948 1700 illud
982 1664 1112 1713 primo
1145 1663 1318 1700 obicitur
1350 1676 1419 1712 per
1452 1664 1527 1699 hoc
1551 1664 1658 1711 quod
1691 1663 1820 1699 omnis

509 1724 637 1760 viator
671 1724 795 1760 eciam
831 1723 870 1758 in
900 1732 1006 1758 statu
1031 1722 1262 1759 innocencie
1287 1730 1468 1769 peccaret
1490 1720 1692 1767 continue,
1727 1720 1822 1769 quia
1838 1721 1876 1752 25

511 1781 644 1819 defficit
689 1794 710 1817 a
755 1782 881 1829 gradu
914 1780 1104 1817 altissime
1138 1779 1331 1827 caritatis;
1378 1780 1445 1815 sed
1489 1787 1597 1827 patet
1643 1792 1684 1815 ex
1729 1791 1820 1827 sepe

511 1840 626 1876 dictis
661 1839 767 1887 quod
799 1851 879 1875 non
913 1847 970 1874 est
1003 1839 1113 1874 color
1145 1837 1185 1873 in
1214 1837 1287 1874 ista
1316 1835 1321 1890 l
1350 1837 1525 1885 argucia‚
1560 1849 1653 1873 narn
1678 1837 1820 1873 falsum
1862 1838 1943 1878 248⁰

511 1897 730 1934 assumitur
762 1910 835 1945 pro
869 1909 988 1933 causa
1013 1898 1061 1932 ad
1084 1896 1226 1932 falsum
1257 1896 1522 1941 inferendum,
1556 1904 1598 1931 ut
1631 1895 1822 1932 innocens

512 1969 593 1992 non
638 1955 771 1992 deficit
815 1956 863 1991 ab
908 1967 1042 2002 opere,
1086 1954 1178 1990 licet
1224 1953 1357 1990 deficit
1401 1953 1474 1989 sibi
1513 1965 1613 2001 opus
1645 1966 1718 2001 pro
1751 1965 1823 1989 suo

512 2023 693 2061 tempore
738 2025 1029 2058 successurum,
1076 2012 1252 2048 defectus
1298 2012 1401 2048 enim
1443 2020 1557 2047 sonat
1590 2011 1630 2047 in
1664 2011 1821 2059 culpam
1840 2021 1880 2045 oo

513 2071 733 2108 deficientis
778 2070 818 2106 in
863 2071 931 2107 illo
972 2071 1075 2119 quod
1112 2071 1227 2106 debet
1261 2070 1399 2106 facere.
1445 2070 1534 2105 Ideo
1569 2082 1657 2105 cum
1693 2068 1823 2105 omnis

513 2131 633 2166 homo
666 2142 738 2176 pro
777 2137 880 2164 statu
915 2128 1149 2164 innocencie
1184 2129 1329 2164 faceret
1362 2127 1550 2163 continue
1583 2128 1700 2174 plene
1734 2140 1822 2175 pro-

512 2197 606 2224 tunc
640 2186 832 2232 debitum,
868 2187 959 2222 licet
993 2195 1187 2222 cresceret
1220 2186 1258 2221 in
1282 2186 1438 2231 virtute,
1472 2194 1580 2233 patet
1612 2186 1720 2233 quod
1744 2198 1823 2221 non

514 2254 709 2293 peccaret,
760 2258 849 2280 cum
884 2257 964 2281 non
996 2244 1045 2280 sit
1078 2244 1181 2280 idem
1219 2244 1387 2280 deiicere
1422 2252 1457 2279 et
1490 2245 1636 2279 deesse.
1689 2245 1736 2279 Et
1768 2243 1823 2279 sic

513 2304 603 2339 licet
628 2303 704 2339 sint
728 2302 922 2350 quotlibet
944 2304 1089 2349 gradus
1114 2301 1374 2349 perfeccionis
1398 2301 1558 2337 moralis
1582 2301 1621 2336 in
1645 2300 1821 2345 homine,
1840 2300 1878 2333 '55

513 2370 646 2397 tamen
672 2370 749 2397 tres
774 2360 1007 2396 famosiores
1031 2360 1162 2396 notari
1186 2367 1373 2408 poterunt
1392 2372 1433 2395 ex
1458 2359 1669 2406 scriptura,
1693 2358 1823 2406 prima

513 2420 672 2467 quando
707 2417 946 2455 christianus
980 2427 1035 2454 est
1070 2419 1240 2453 mundus
1274 2431 1296 2454 a
1326 2417 1503 2465 quolibet
1526 2425 1693 2465 peccato
1720 2429 1823 2452 mor-

511 2476 600 2522 tali3
635 2477 682 2511 de
715 2489 792 2524 qua
827 2476 1075 2523 perfeccione
1109 2475 1275 2523 intelligi
1310 2483 1439 2523 potest
1462 2475 1559 2511 illud
1584 2475 1820 2522 Gen.VI‚():

513 2535 596 2570 Noe
640 2534 700 2568 vir
743 2535 862 2569 iustus
905 2542 1016 2583 atque
1055 2535 1254 2582 perfectus
1286 2534 1370 2582 suit
1415 2545 1503 2570 cum
1540 2532 1673 2568 multis
1707 2532 1822 2568 dictis
1862 2533 1890 2563 H

513 2591 728 2633 similibus:
763 2593 938 2628 secunda
971 2593 1134 2639 quando
1169 2592 1325 2627 excluso
1359 2591 1467 2627 omni
1502 2598 1667 2638 peccato
1702 2590 1821 2626 horno
1836 2601 1881 2631 40

268 2067 399 2099 marces
420 2067 455 2092 01·

271 2102 451 2134 perlection.

583 2755 628 2781 24.
652 2747 745 2774 Coei:
766 2748 908 2775 abicitur.
982 2748 1020 2776 31.
1043 2749 1137 2776 Cod.:
1158 2749 1277 2776 dehent.

583 2832 611 2862 δ’,
640 2831 717 2861 Non
745 2840 816 2872 cap.
843 2831 894 2873 X„
922 2832 979 2862 scd
1008 2832 1077 2863 XV.
1107 2831 1197 2872 Opp.
1225 2841 1300 2873 pag.
1329 2831 1405 2872 [133.
