2050 3292
154 882 190 902 10

85 1159 161 1191 153⁸

153 1458 193 1479 20

152 1738 190 1770 25

153 2313 191 2346 35

209 242 298 270 cAia
323 231 418 287 xix]
673 241 808 272 LlsstzR
835 238 1044 271 TERTIUS.
1720 241 1800 279 379

208 351 293 395 bus,
328 350 395 385 sed
430 349 547 384 habet
580 347 707 383 solum
744 345 1007 382 ministerium
1034 343 1251 392 spirituale,
1286 344 1394 379 nullo
1418 351 1515 379 tem-
1548 356 1576 378 111
1599 352 1775 385 temporals,

209 407 349 455 porali,
382 405 561 454 sequitur
595 405 702 452 quod
720 403 997 451 imperatores,
1033 403 1164 447 duces,
1199 413 1322 448 reges,
1349 400 1515 437 comites
1545 386 1789 448 rulegsearsmstuch

209 474 244 500 et
279 466 446 500 barones
480 476 559 499 non
593 470 680 498 sunt
713 461 752 497 in
791 469 983 509 quantum
1010 460 1107 495 tales
1132 460 1313 494 membra
1337 458 1514 503 ecclesie,
1562 455 1777 517 fflgssffleusjcfff

209 535 294 558 cum
349 523 568 558 secundum
624 519 826 555 racionem
882 527 1022 554 contra
1066 517 1162 553 tales
1210 529 1315 564 papa
1361 525 1417 553 est
1462 516 1515 552 eis
1763 510 1768 515 ’

208 579 390 627 superior
423 579 501 615 sive
537 586 668 625 caput.

264 637 338 672 Hic
361 637 516 681 dicitur,
550 636 816 682 supponendo
841 633 1122 669 rectitudinem
1147 633 1258 679 loyce
1282 633 1329 667 ad
1354 643 1512 668 sensum
1634 639 1700 666 The
1770 674 1774 677 ⁸

208 693 419 739 evidencie,
454 694 561 740 quod
595 691 887 739 consequencia
921 703 1000 726 non
1031 690 1153 736 valet3
1196 697 1272 725 stat
1306 689 1411 725 enim
1446 702 1513 736 pa·
1532 681 1801 743 ξιῗξέξᾝζξηιξξρξς

207 764 299 799 pam
334 763 416 787 esse
450 759 567 798 caput
600 748 853 798 particularis
887 747 1049 784 ecclesie
1081 755 1117 783 et
1138 746 1385 794 superiorem
1411 746 1514 782 civili
1577 744 1756 804 gffisstlsfffflss]

207 808 383 851 domino,
429 808 521 844 licet
553 808 636 855 ipse
676 820 757 843 non
791 806 1020 842 dominatur
1060 804 1237 854 civiliter,
1271 804 1373 840 sicut
1407 813 1515 851 patet
1629 795 1728 839 εἰνὶι.ι

207 867 253 902 de
287 866 463 910 Christo,
508 866 607 901 sicut
646 865 751 900 enim
791 873 867 900 stat
908 863 1074 901 militem
1117 862 1286 910 dirigere
1319 861 1512 898 artificem

205 924 508 960 frenofactivum
554 923 593 958 in
639 935 709 958 suo
759 934 892 969 opere,
938 922 1028 957 licet
1086 932 1166 956 non
1220 921 1364 956 habeat
1405 919 1512 955 illam

206 990 346 1032 artem,
391 990 433 1017 ut
478 989 586 1029 patet
630 980 761 1028 primo
801 978 924 1015 Ethic.
980 979 1034 1014 sic
1079 986 1155 1013 stat
1187 990 1331 1025 papam
1380 989 1514 1024 regere

207 1039 338 1075 civiles
372 1039 557 1075 dominos
590 1038 630 1073 in
665 1037 743 1074 suis
777 1037 972 1080 dominiis,
1007 1037 1096 1071 licet
1128 1048 1208 1071 non
1241 1035 1279 1070 in
1313 1042 1352 1071 se
1384 1034 1514 1070 taliter

208 1096 454 1140 dominetur;
506 1096 607 1132 sicut
651 1103 760 1143 patet
806 1096 853 1130 de
898 1094 1111 1130 Timotheo
1155 1106 1234 1129 non
1280 1092 1514 1128 dominante

208 1154 384 1198 civiliter,
431 1166 547 1202 quem
584 1155 698 1190 docet
726 1154 729 1200 Ι
758 1153 972 1200 Apostolus
1019 1151 1223 1199 precipere
1268 1150 1307 1186 in
1352 1150 1513 1186 nomine

207 1211 368 1248 Domini
419 1212 605 1247 divitibus
649 1211 764 1246 huius
809 1210 929 1246 seculi
974 1210 1144 1245 tribuere
1183 1221 1253 1244 sua
1292 1209 1512 1244 secundum

208 1270 363 1317 regulas
403 1268 592 1315 caritatis,
634 1277 676 1304 ut
715 1276 823 1316 patet
857 1270 882 1304 Ι.
916 1267 1047 1304 Thim.
1080 1268 1124 1310 V,
1165 1267 1225 1303 18.
1266 1267 1377 1302 Unde
1410 1278 1515 1313 papa

209 1336 265 1364 est
298 1327 431 1375 quoad
464 1326 703 1374 temporalia
736 1326 978 1373 imperatore
1023 1323 1285 1372 prestancior,
1332 1336 1411 1371 qua
1445 1336 1514 1370 po-

208 1393 327 1421 testas
361 1384 577 1433 spiritualis
611 1397 730 1431 quam
765 1384 847 1431 ipse
881 1384 997 1419 habet
1030 1390 1086 1418 est
1115 1381 1297 1429 superior
1320 1389 1514 1428 potestate

210 1442 400 1479 coactiva.
434 1444 525 1478 Ideo
558 1442 658 1478 sicut
682 1449 800 1489 caput
822 1453 903 1476 non
927 1449 983 1477 est
1008 1439 1213 1476 brachium
1241 1451 1313 1475 nec
1337 1448 1511 1481 econtra,

208 1502 275 1537 sed
310 1501 455 1536 habent
488 1512 577 1536 cum
614 1499 833 1536 ministerio
868 1499 1076 1545 reciproco
1105 1496 1237 1533 officia
1261 1496 1512 1544 impermixta,

208 1558 262 1594 sic
302 1559 417 1594 debet
451 1557 636 1594 dominus
670 1570 774 1604 papa
808 1557 1003 1593 subducta
1036 1554 1145 1591 omni
1179 1554 1363 1590 civilitate
1400 1554 1513 1589 mini-

207 1625 332 1652 strare
366 1615 530 1652 ecclesie
563 1615 601 1650 in
636 1615 710 1650 hiis
743 1627 816 1662 que
841 1622 930 1650 sunt
952 1614 1000 1650 ad
1024 1615 1171 1657 Deum3
1207 1611 1359 1648 domini
1383 1620 1511 1648 autem

207 1674 450 1721 temporales
484 1673 715 1709 ministrare
749 1672 875 1708 eidem
913 1671 1028 1707 matri
1062 1671 1223 1706 ecclesie
1256 1669 1295 1705 in
1331 1671 1399 1705 hiis
1439 1682 1514 1717 que

208 1740 299 1767 sunt
343 1732 392 1767 ad
427 1732 631 1775 mundum,
677 1739 716 1765 ut
762 1731 971 1766 cohercere
1012 1729 1175 1764 rebelles
1215 1727 1432 1775 evangelio,
1473 1736 1514 1762 ut

208 1798 410 1825 ostensum
452 1797 508 1825 est
546 1790 594 1824 ΙΙΙ
629 1788 745 1824 huius
782 1789 897 1823 XXVI
933 1786 1106 1833 capitulo
1141 1787 1187 1821 de
1222 1785 1371 1832 duplici
1411 1784 1513 1831 regis

207 1846 352 1883 officio.
406 1848 559 1883 Debent
591 1846 693 1881 enim
729 1858 831 1892 pape
863 1845 1024 1882 obedire
1058 1843 1226 1891 regibus,
1272 1843 1302 1878 si
1341 1850 1513 1891 oportet,

206 1903 428 1952 vectigalia,
461 1913 504 1939 ut
538 1905 650 1940 docet
678 1903 893 1951 Apostolus
922 1903 1039 1940 Rom.
1063 1903 1161 1947 XIII,
1197 1913 1285 1936 cum
1320 1900 1359 1935 in
1389 1913 1512 1947 quan-

207 1970 290 1997 tum
336 1963 562 1998 huiusmodi
606 1970 697 1998 sunt
750 1962 927 1996 membra
986 1959 1150 1995 ecclesie
1207 1957 1513 2005 pernecessaria.

152 2026 166 2057 Γ
208 2020 321 2056 Unde
360 2019 464 2055 idem
505 2028 562 2055 est
601 2019 733 2055 dicere
774 2020 881 2066 quod
915 2017 1100 2053 dominus
1133 2029 1238 2064 papa
1271 2029 1350 2052 non
1384 2024 1512 2063 potest

208 2077 385 2113 iudicare
419 2078 479 2113 vel
512 2076 711 2113 dominari
745 2088 862 2123 super
894 2074 1195 2123 temporalibus,
1229 2073 1303 2109 nisi
1333 2074 1433 2109 foret
1456 2073 1512 2108 iu—

209 2136 278 2171 dex
313 2134 435 2171 civilis
470 2144 505 2171 et
539 2134 662 2171 civilis
696 2134 880 2169 dominus
915 2142 951 2168 et
984 2133 1115 2168 dicere
1149 2133 1256 2179 quod
1280 2143 1359 2167 non
1383 2139 1513 2178 potest

208 2192 386 2228 iudicare
420 2194 466 2228 de
501 2191 758 2228 matrimonio
792 2192 850 2226 vel
896 2190 1063 2226 crimine
1097 2189 1258 2232 subditi,
1304 2188 1379 2224 nisi
1412 2188 1512 2236 ipse-

209 2259 289 2286 met
320 2250 421 2286 foret
454 2250 701 2297 coniugatus,
738 2259 773 2285 et
796 2249 834 2284 in
859 2257 971 2284 reatu
1004 2246 1216 2293 consimili,
1251 2255 1287 2282 et
1320 2259 1389 2293 per
1422 2259 1513 2282 con—

208 2320 375 2356 sequeus
408 2316 612 2355 oporteret
644 2320 791 2355 papam
825 2319 908 2342 esse
942 2304 1352 2342 monstruosissimum
1390 2316 1512 2339 mem-

209 2367 323 2401 brum
363 2365 535 2412 dyaboli,
582 2366 690 2413 quod
728 2366 878 2412 nephas
920 2373 976 2400 est
1016 2362 1159 2399 dicere.
1206 2363 1376 2409 Oportet
1421 2374 1512 2408 ergo

192 2418 354 2471 ‘papam
389 2435 471 2459 esse
504 2423 752 2471 spiritualem
787 2421 959 2458 iudicem
994 2420 1175 2457 omnium
1200 2432 1387 2467 generum
1413 2419 1513 2454 iudi-

96 2599 172 2641 153,b

209 2481 369 2517 ciorum
408 2481 571 2517 ecclesie
617 2480 823 2517 militantis
867 2488 903 2515 et
948 2492 1016 2527 per
1063 2489 1309 2525 consequens
1354 2485 1513 2524 oportet

209 2538 339 2586 ipsum
363 2550 445 2575 esse
469 2538 627 2575 Christo
652 2537 772 2586 capiti
796 2537 960 2573 ecclesie
983 2535 1214 2572 universalis
1244 2534 1511 2581 simillimum,

211 2596 273 2632 cui
305 2606 500 2644 repugnat
532 2596 644 2633 civile
678 2595 916 2632 dominium.
962 2595 1075 2631 Unde
1107 2593 1208 2630 sicut
1236 2589 1240 2644 Ι
1271 2592 1422 2629 decime
1456 2592 1513 2627 di-

211 2662 353 2690 cuntur
386 2654 624 2703 spirituales,
659 2666 704 2689 eo
727 2654 834 2701 quod
874 2652 982 2688 racio
1017 2652 1235 2687 secundum
1270 2663 1389 2699 quarn
1423 2658 1513 2685 sunt

282 2837 333 2871 26.
362 2838 410 2869 De
437 2837 535 2868 Civili
562 2837 725 2868 Dominio
752 2837 773 2875 I,
807 2835 864 2868 185
893 2846 989 2877 seqq.
1386 2878 1405 2898 >k

1311 2888 1378 2920 24a
