2050 3292
205 238 284 278 502

240 1681 379 1715 Dangers
399 1681 434 1709 of

234 1716 443 1744 endowment.

249 2201 316 2230 The
335 2202 416 2238 truly

224 2238 274 2264 reli
300 2237 367 2264 ious
386 2241 456 2264 turn

268 2280 284 2299 a
299 2273 306 2299 1
328 2271 406 2299 their

235 2307 309 2333 thou
335 2306 383 2334 hts
403 2310 434 2333 to

352 2341 412 2368 and

270 2376 395 2403 heaven.

263 2341 310 2369 Go

924 237 983 268 DE
1013 236 1150 268 CIVILI
1176 235 1387 267 DOMINIO.
1566 222 1677 278 [CAP.
1699 232 1810 261 xxm.

492 340 753 379 amissionem
778 341 1065 390 temporalium
1084 353 1206 390 quam
1228 340 1362 388 gracie
1383 339 1444 377 vel
1466 339 1637 377 virtutis.
1662 340 1809 378 Scribit

493 400 598 437 enim
633 401 772 437 beatus
805 400 1019 448 Gregorius
1035 400 1185 447 XXXI,
1214 399 1262 436 16
1286 398 1443 445 Moral⁸7
1477 410 1678 446 exponens
1710 398 1808 435 illud

491 459 578 494 Job.
593 459 777 504 XXXIX,
808 459 875 495 16:
907 458 1078 494 Frustra
1113 457 1306 493 laboravit
1337 456 1442 492 nullo
1466 456 1604 493 timore
1635 464 1809 507 cogente,

492 524 707 564 postquam
743 514 950 552 adduxerit
986 515 1111 551 multa
1134 514 1281 551 Christi
1321 513 1488 551 consilia
1520 514 1569 550 de
1599 514 1809 551 tolerando

490 573 778 621 temporalium
824 573 986 621 rapinas
1029 581 1152 621 atque
1191 571 1359 608 iniurias
1403 572 1462 619 (ut
1493 572 1656 620 exposui
1702 572 1843 620 capi-5

491 631 576 667 tulo
599 633 685 667 XIV
709 631 842 679 quarti
866 631 1019 678 huius):
1053 631 1160 677 Plus,
1194 629 1339 678 inquit,
1373 630 1458 665 Deo
1482 642 1523 666 se
1553 642 1689 666 amare
1721 642 1808 666 con-

492 689 659 725 vincitur
688 689 754 738 qui
785 689 971 739 neglectis
1003 688 1076 724 hiis
1108 700 1179 737 que
1205 687 1373 737 propria
1405 695 1493 723 sunt
1526 695 1666 725 tuetur.
1713 689 1809 724 Per-

493 747 628 795 fectus
679 747 804 797 igitur
855 746 1090 783 christianus
1133 746 1325 794 quomodo
1372 746 1482 782 debet
1524 757 1587 781 res
1632 753 1811 782 terrenas

491 805 688 856 iurgando
723 806 933 853 defendere
956 817 1049 853 quas
1075 804 1295 853 precipitur
1322 815 1395 839 non
1413 803 1649 852 possidere?
1679 804 1812 853 Itaque

493 875 577 898 cum
612 875 674 899 res
704 863 891 912 proprias
923 862 1147 908 amittimus,
1180 862 1215 898 si
1239 862 1419 911 perfecte
1440 861 1566 897 Deum
1600 862 1810 911 sequimur,
1831 873 1868 894 10

491 921 527 956 z'n
560 921 672 956 huius
704 921 779 957 vite
811 921 947 956 itinere
977 933 999 956 a
1033 931 1178 970 magno
1211 931 1328 955 onere
1360 918 1595 970 levigantur.
1635 921 1690 955 Ex
1722 931 1811 956 sen—

490 978 635 1024 tencia,
669 987 857 1026 reputata
889 978 1060 1022 insania,
1100 978 1269 1014 istorum
1303 985 1534 1013 sanctorum
1577 984 1613 1013 et
1645 990 1689 1014 ex
1722 990 1811 1025 per-

489 1036 725 1073 turbacione
760 1036 905 1073 mentis
937 1049 1010 1084 pro
1034 1035 1251 1072 amissione
1284 1035 1568 1083 temporalium
1605 1048 1651 1071 ac
1684 1035 1809 1072 tercio

491 1106 535 1130 ex
566 1094 771 1131 laboriosa
804 1093 1077 1131 sollicitudine
1109 1107 1183 1142 pro
1216 1092 1495 1142 adquisicione
1518 1102 1556 1130 et
1579 1093 1810 1130 defensione

490 1165 630 1189 eorum
678 1152 844 1189 docetur
888 1152 919 1189 si
963 1164 1240 1200 preponamus
1291 1163 1470 1188 amorem
1523 1150 1867 1199 temporalium-15

490 1212 575 1246 Deo
618 1219 768 1248 nostro.
821 1211 888 1257 Ibi,
928 1209 1059 1259 inquit
1093 1208 1323 1260 Gregorius,
1363 1217 1419 1246 est
1455 1211 1611 1260 grande
1641 1210 1808 1245 studium

491 1268 739 1316 defensionis,
786 1269 850 1304 ubi
891 1276 947 1304 est
989 1269 1159 1318 gravior
1202 1267 1259 1304 vis
1303 1267 1461 1303 amoris.
1520 1268 1621 1303 Nam
1670 1274 1810 1316 quanto

490 1326 618 1376 magis
648 1327 732 1375 quis
764 1334 920 1362 terrena
953 1327 1095 1378 ditigit,
1138 1333 1244 1362 tanto
1271 1325 1432 1375 privari
1462 1325 1514 1361 eis
1547 1325 1811 1362 vehemencz'us

485 1384 736 1433 pertimescit.
760 1383 914 1432 Religio
937 1383 1059 1432 igitur
1083 1385 1235 1421 munda
1251 1378 1254 1436 J
1273 1392 1331 1420 est
1349 1384 1458 1431 quod
1481 1383 1570 1431 plus
1593 1382 1809 1420 timeamus
1849 1396 1914 1427 204

491 1451 528 1478 et
573 1442 780 1479 doleamus
825 1441 1084 1479 amissionem
1131 1442 1406 1490 cuiuscunque
1451 1442 1599 1489 gradus
1638 1441 1807 1487 virtutis,
1824 1453 1867 1475 20

489 1513 609 1548 quam
657 1500 793 1537 omnia
838 1502 944 1537 bona
988 1500 1148 1537 fortune
1192 1511 1270 1548 que
1301 1499 1417 1537 nobis
1455 1499 1679 1537 adiaceant.
1732 1500 1810 1536 Sed

489 1557 748 1606 perturbacio
793 1571 838 1595 ex
875 1558 1037 1607 loquela
1077 1557 1232 1595 abbatis
1271 1557 1557 1606 temporalium
1592 1557 1745 1594 indicat
1776 1557 1808 1594 si

487 1615 537 1652 sit
568 1615 637 1654 ita.

547 1675 601 1710 Ex
633 1673 718 1710 istis
752 1673 957 1722 colligitur
988 1686 1108 1723 quam
1143 1672 1416 1723 periculosum
1448 1672 1499 1709 sit
1521 1674 1661 1710 dotare
1684 1673 1808 1710 eccle·
1847 1675 1877 1707 O

489 1731 566 1769 sias
590 1731 882 1780 temporalibus
906 1730 1135 1769 elemosinis
1165 1730 1368 1780 perpetuis
1401 1732 1597 1769 absolute.
1630 1733 1685 1768 Ex
1716 1731 1808 1768 hinc
1825 1733 1864 1766 25

490 1790 599 1826 enim
624 1790 845 1827 assecurari
868 1790 996 1827 nostri
1021 1789 1155 1827 clerici
1181 1789 1345 1838 capiunt
1368 1789 1580 1827 audaciam
1600 1789 1808 1827 deserendi

489 1848 776 1896 penitenciam,
800 1847 978 1885 divinum
1001 1848 1241 1897 obsequium
1266 1857 1304 1884 et
1327 1847 1532 1896 religionis
1551 1848 1806 1885 dulcedinem

489 1906 780 1955 temporalibus
818 1905 1032 1944 innitendo
1072 1914 1110 1943 et
1146 1918 1218 1955 per
1256 1918 1506 1954 consequens
1540 1906 1672 1942 minus
1705 1905 1809 1954 aspi-

488 1973 623 2001 rarent
655 1965 705 2001 ad
739 1964 912 2011 celestia,
958 1977 1049 2002 cum
1095 1964 1136 2000 in
1179 1963 1354 2012 negociis
1393 1976 1440 2000 ac
1472 1963 1806 2001 contencionibus

488 2034 572 2059 sese
604 2022 855 2060 involverunt
886 2035 933 2059 ac
956 2023 988 2059 si
1012 2022 1076 2059 hic
1108 2021 1183 2059 sibi
1206 2030 1434 2059 statuerunt
1455 2031 1691 2071 perpetuam
1716 2021 1808 2058 civi·
1825 2025 1867 2058 30

489 2089 634 2126 tatem3
667 2080 734 2116 ubi
767 2080 955 2128 religiosa
988 2092 1100 2117 mens
1133 2079 1315 2128 cogitans
1338 2081 1447 2128 quod
1470 2081 1542 2117 hec
1564 2079 1808 2129 temporalia

489 2151 571 2174 non
614 2147 706 2175 sunt
749 2137 823 2174 sibi
857 2140 1007 2175 donata
1039 2137 1116 2174 nisi
1149 2139 1198 2175 ad
1232 2137 1446 2174 utilitatem
1486 2138 1665 2185 ecclesie,
1712 2139 1807 2174 dum

490 2195 650 2232 Christo
695 2203 733 2232 et
775 2209 920 2244 sponse
965 2196 1167 2233 ministrat
1211 2196 1251 2233 in
1290 2195 1439 2246 gracia,
1485 2208 1529 2233 ex
1566 2209 1646 2233 uno
1684 2196 1808 2233 latere

490 2254 577 2302 plus
613 2253 758 2302 pavida
790 2254 958 2290 retrahit
979 2267 1090 2303 spem
1124 2255 1173 2291 ab
1198 2253 1274 2290 hiis
1306 2254 1618 2303 temporalibus3
1653 2266 1696 2290 ex
1728 2253 1808 2290 alio

489 2312 614 2348 latere
646 2313 735 2359 plus
767 2314 853 2348 Deo
885 2312 1018 2349 innixa
1053 2311 1245 2360 implorat
1283 2310 1368 2348 eius
1401 2312 1589 2349 iuvamen
1621 2313 1863 2360 frequen-35

491 2369 574 2406 cius
608 2378 645 2406 et
675 2371 809 2418 quoad
831 2369 1036 2407 vescibilia
1056 2370 1153 2407 vivit
1176 2369 1354 2419 parcius,
1386 2369 1516 2407 sciens
1537 2371 1646 2420 quod
1670 2369 1807 2406 omnia

489 2428 730 2476 temporalia
774 2441 854 2464 non
899 2436 990 2465 sunt
1033 2427 1109 2465 nisi
1147 2429 1290 2464 umbre
1323 2429 1373 2464 ad
1406 2430 1512 2465 bona
1544 2428 1683 2477 patrie,
1729 2440 1807 2476 que

490 2485 574 2521 istis
619 2484 795 2522 dimissis
829 2485 1043 2532 desiderat,
1089 2485 1145 2522 sic
1190 2487 1300 2534 quod
1335 2486 1565 2535 quicunque
1597 2484 1807 2534 religiosus

490 2543 548 2580 vel
580 2542 716 2591 laycus
749 2544 838 2592 plus
877 2553 1085 2592 appeteret
1117 2552 1313 2592 perpetuo
1347 2544 1478 2581 vivere
1518 2544 1637 2582 istam
1668 2543 1806 2591 vitam,

1918 1385 1929 1401 h

557 2695 587 2723 9.
607 2689 722 2724 itaque.
738 2689 804 2716 Cod
827 2698 834 2716 z
856 2689 911 2716 ita.
986 2698 1026 2725 ¹7·
1042 2688 1137 2717 Cod.:
1157 2690 1208 2717 vir
1220 2690 1347 2718 amoris.
1425 2689 1465 2718 18.
1483 2689 1579 2717 Cod.:
1598 2689 1739 2726 gravari
1750 2690 1805 2717 eis.

487 2722 536 2751 30.
557 2723 654 2751 Cod.:
674 2732 713 2751 ac
732 2725 829 2751 deest.

558 2796 589 2828 3.
612 2796 661 2827 St.
695 2796 857 2837 Gregorii
891 2796 983 2838 Opp.
1015 2803 1101 2828 tom.
1134 2798 1154 2837 1,
1188 2807 1221 2839 p.
1252 2796 1348 2829 1006.
1452 2795 1483 2829 6.
1515 2796 1567 2828 De
1600 2796 1701 2828 Civili
1734 2797 1806 2828 Do-

488 2842 597 2873 minio
623 2842 661 2882 11,
688 2853 720 2883 p.
745 2841 818 2873 166.
