2050 3292
198 219 279 263 528

221 862 310 889 Alms
333 869 389 888 can
411 862 445 888 be

212 896 300 929 given
322 897 395 958 01]Ιῖ
416 897 455 932 by

199 931 260 957 him
282 931 353 958 who
389 939 435 958 ias
455 939 471 958 a

239 974 314 1001 pure
336 966 431 993 hearr.

909 227 968 259 DE
998 226 1133 259 Clvm
1160 226 1373 259 Domino.
1561 214 1670 271 [CAP.
1692 225 1801 252 xxiv.

487 335 615 372 inesse
660 332 814 369 homini
858 332 933 368 nisi
978 332 1110 380 primo
1156 332 1379 381 originetur
1416 333 1456 369 in
1488 332 1637 381 anima,
1683 342 1720 370 et
1771 334 1802 372 si

486 392 539 429 ibi
585 390 775 440 prefuerit
826 389 1092 438 inmundicia,
1133 390 1325 439 quicquid
1359 390 1518 428 affuerit
1562 392 1802 443 maculatur,

485 450 585 487 sicut
620 457 784 486 econtra
818 448 850 486 si
883 447 937 485 ibi
970 447 1066 485 insit
1098 448 1318 497 spiritualis
1353 448 1571 495 mundicia,
1611 448 1803 499 quicquid

486 507 699 556 contigerit
732 506 804 543 erit
839 507 1054 551 mundum3
1094 507 1241 544 frustra
1274 519 1366 554 ergo
1400 507 1494 544 facit
1527 507 1801 556 elemosinam,

487 568 561 603 hoc
595 573 653 602 est
685 577 785 613 opus
819 564 1107 610 misericordie,
1153 564 1221 613 qui
1270 564 1522 613 contempnit
1554 565 1836 603 mundiciam&

486 624 619 661 anime
635 622 811 671 proprie,
834 622 928 671 quia
946 623 1030 660 eius
1048 623 1368 660 misericordiam
1386 624 1504 660 debet
1520 625 1803 672 cognoscendo

486 682 618 731 primo
662 680 844 717 omnium
878 681 1067 727 relevare,
1114 680 1208 729 quia
1255 680 1370 718 aliter
1403 681 1497 718 facit
1530 682 1682 718 bonum
1715 695 1802 730 pre-

486 749 645 788 postere
678 752 700 776 a
735 738 908 776 maximo
941 738 1161 787 indigente.
1201 741 1248 775 Et
1281 739 1356 776 ista
1388 739 1603 787 perversio,
1636 748 1679 776 ut
1711 752 1804 788 sepe

487 798 578 843 dixi⁷
613 805 771 834 excecat
804 806 987 845 potentes
1012 797 1146 843 seculi,
1182 805 1224 833 ut
1254 806 1368 834 notat
1391 797 1638 845 Augustinus
1661 798 1803 835 Enchi-

487 856 618 892 ridion
653 857 733 892 LX:
770 856 823 899 Si,
857 854 1000 904 inquit,
1035 855 1115 904 quis
1150 856 1262 892 vellet
1294 856 1391 891 dare
1422 855 1671 892 elemosinam
1700 856 1805 905 [per
1843 862 1923 899 214⁶

485 927 599 963 quam
646 914 704 950 illi
746 914 889 950 munda
935 921 1058 950 essent
1101 914 1241 957 omnia,
1287 913 1428 950 odisset
1472 926 1555 950 eam
1593 915 1802 951 secundum

485 973 655 1009 seculum
702 980 737 1008 et
782 971 966 1022 diligeret
1009 973 1217 1007 secundum
1252 972 1391 1010 Deum.
1442 972 1567 1008 Nemo
1606 972 1704 1008 enim
1738 973 1804 1008 dat

486 1031 733 1067 elemosinam
772 1030 981 1080 quamlibet
1019 1030 1092 1065 nisi
1131 1031 1231 1066 unde
1271 1031 1333 1066 det
1371 1030 1417 1066 ab
1450 1030 1516 1066 illo
1550 1030 1711 1080 accipiet
1742 1031 1807 1080 qni

487 1102 559 1125 non
592 1097 690 1138 eget.
726 1088 766 1125 Si
800 1100 891 1135 ergo
913 1100 995 1124 non
1018 1088 1121 1124 valet
1143 1088 1193 1124 ad
1218 1087 1405 1124 meritum
1436 1087 1609 1135 spoliare
1633 1088 1800 1125 Paulum

487 1156 524 1183 et
555 1148 732 1183 relevare
760 1148 934 1191 Petrum,
970 1146 1097 1182 multo
1131 1145 1262 1182 minus
1294 1147 1398 1182 valet
1431 1146 1678 1183 detrahendo
1710 1159 1804 1194 pro-
1825 1148 1860 1179 15

486 1204 563 1252 prii
597 1204 726 1241 cordis
761 1204 949 1241 miserum
984 1204 1161 1252 proferre
1200 1205 1304 1240 bona
1338 1206 1386 1241 de
1419 1216 1562 1252 genere
1600 1213 1638 1241 et
1670 1203 1802 1253 ipsum

488 1271 764 1311 contemptum
798 1276 844 1299 ac
877 1261 1102 1310 peioratum
1137 1261 1377 1311 relinquere.
1423 1263 1595 1310 Oportet
1627 1274 1720 1310 ergo
1753 1265 1803 1299 ad

488 1320 749 1358 dileccionem
784 1321 856 1357 Dei
902 1321 1049 1365 habere
1083 1329 1236 1356 rectum
1270 1319 1453 1357 ordinem
1493 1333 1655 1357 omnem
1688 1320 1804 1368 spiri-

487 1380 635 1416 tualem
682 1378 975 1415 inmundiciam
1022 1380 1319 1428 postponendo,
1365 1379 1474 1427 quod
1519 1379 1638 1415 credo
1671 1379 1802 1416 notari

486 1449 556 1485 per
600 1437 841 1485 scripturam
887 1437 1085 1474 dicentem
1132 1438 1240 1485 quod
1286 1437 1426 1487 diliges
1458 1437 1585 1472 Deum
1631 1448 1683 1473 ex
1726 1444 1803 1473 toto
1822 1448 1863 1468 20

486 1496 616 1535 corde,
671 1496 737 1531 Ille
781 1495 887 1531 enim
934 1495 1002 1543 qui
1047 1493 1196 1531 divisus
1237 1504 1293 1532 est
1326 1495 1386 1531 vel
1425 1495 1646 1531 secundum
1680 1507 1801 1532 unam

486 1553 688 1590 racionem
735 1555 948 1601 analogam
994 1561 1191 1601 preponat
1237 1561 1459 1590 creatorem
1505 1562 1542 1589 et
1583 1552 1802 1590 secundum

486 1611 605 1648 aliam
640 1612 812 1659 preferat
844 1620 1082 1656 creaturam,
1128 1623 1209 1647 non
1242 1611 1368 1659 diligit
1402 1613 1529 1647 Deum
1570 1624 1686 1648 suum
1721 1619 1803 1648 toto

487 1671 619 1707 corde.
654 1669 755 1706 Hinc
781 1672 886 1706 Deus
909 1669 1152 1717 impartibilis
1181 1669 1317 1717 gracia
1350 1668 1462 1705 cuius
1494 1669 1632 1705 onmia
1664 1678 1802 1706 nostra

487 1729 632 1764 debent
655 1728 738 1764 fieri
760 1727 951 1763 nimirum
975 1727 1205 1767 offenditur,
1232 1729 1280 1763 Et
1307 1727 1459 1764 utinam
1488 1740 1561 1764 nos
1584 1727 1802 1775 possessio·
1820 1728 1858 1760 25

487 1786 568 1822 nati
600 1798 682 1822 non
715 1786 838 1823 simus
872 1785 911 1821 in
945 1784 1019 1822 ista
1043 1785 1354 1835 dampnacione,
1386 1786 1604 1833 pugnando
1639 1794 1676 1822 et
1709 1798 1803 1822 con—

486 1845 700 1889 tendendo,
735 1845 959 1880 laborando
992 1852 1029 1880 et
1059 1843 1300 1880 solicitando
1323 1856 1396 1891 pro
1420 1843 1587 1879 terrenis
1613 1856 1689 1892 que
1712 1844 1801 1891 plus

488 1901 693 1950 diligimus
728 1915 849 1951 quam
884 1901 1063 1939 virtutes.

543 1962 597 1996 Ex
628 1959 712 1996 istis
741 1959 941 2008 colligitur
964 1961 1072 2008 quod
1096 1959 1376 2003 communiter,
1410 1958 1501 1995 licet
1532 1971 1622 1995 cece
1647 1968 1804 1996 contra-

486 2018 681 2066 dicamus,
719 2017 961 2054 involvimur
993 2017 1034 2053 in
1070 2017 1240 2063 mortali,
1275 2017 1366 2054 ideo
1398 2029 1479 2052 non
1513 2026 1694 2065 superest
1726 2017 1802 2054 nisi
1819 2019 1861 2052 30

485 2076 746 2113 rectificando
785 2075 1070 2122 intencionem,
1116 2088 1194 2123 que
1239 2084 1295 2111 est
1341 2076 1480 2111 oculus
1525 2075 1683 2121 mentis,
1731 2075 1802 2112 Dei

488 2134 803 2171 misericordiam
852 2134 1082 2182 implorare,
1129 2133 1222 2182 quia
1261 2132 1466 2170 conclusio
1500 2142 1557 2169 est
1589 2133 1801 2182 Augustini

487 2191 748 2229 Enchiridion
780 2193 860 2239 XV,
907 2191 1013 2240 quod
1057 2192 1153 2228 sicut
1185 2204 1294 2227 nemo
1327 2192 1399 2228 nisi
1431 2204 1505 2240 per
1536 2192 1572 2227 in
1602 2188 1606 2243 Ι
1636 2192 1801 2227 debitam
1843 2197 1917 2233 214‘

487 2250 794 2287 misericordiam
841 2251 1079 2295 liberabitur,
1133 2250 1187 2285 sic
1239 2250 1312 2286 nisi
1355 2262 1431 2299 per
1481 2249 1648 2285 debitum
1692 2261 1800 2285 nemo

487 2308 772 2357 dampnabitur.
828 2310 875 2344 Et
919 2308 1098 2355 intelligo
1140 2307 1459 2344 misericordiam
1498 2306 1718 2344 indebitam
1754 2309 1802 2344 de
1818 2308 1858 2342 35

488 2366 708 2414 condigno,
743 2375 779 2402 et
812 2366 908 2402 illud
942 2365 1064 2402 sensit
1097 2374 1257 2402 sanctus
1292 2365 1416 2402 David
1451 2364 1605 2402 dicens:
1646 2365 1802 2401 Miseri-

487 2425 661 2461 cordiam
708 2432 743 2460 et
786 2424 967 2460 iudicium
1013 2425 1174 2459 cantabo
1219 2424 1288 2459 tibi
1324 2423 1505 2461 Domine.
1557 2425 1612 2459 Ex
1656 2422 1799 2471 quibus

488 2490 613 2531 patet:
650 2495 739 2519 cum
774 2494 989 2529 peccamus
1023 2481 1226 2533 continue,
1265 2483 1455 2518 debemus
1489 2480 1676 2518 continue
1710 2493 1802 2518 con-

548 2628 709 2698 fiatCods
737 2628 961 2665 contingerint.
1052 2636 1087 2656 11.
1116 2628 1211 2656 Cod.:
1240 2628 1375 2656 odissent
1403 2628 1549 2655 animam.
1638 2627 1678 2655 10.
1707 2627 1803 2655 (ζωὰς

487 2672 545 2700 vro
565 2672 599 2692 er
615 2672 640 2692 e.

563 2759 613 2780 10.
639 2748 745 2780 Recte
765 2758 838 2791 cap.
860 2747 1023 2789 LXXVII,
1044 2748 1135 2790 Opp.
1154 2754 1240 2780 tom.
1254 2748 1310 2788 VI,
1330 2757 1406 2789 pag.
1431 2745 1505 2778 226.
1603 2754 1656 2778 20.
1684 2745 1802 2779 Matth.

487 2796 559 2838 XX,
584 2806 634 2835 117
663 2796 714 2836 37.
813 2794 866 2828 33.
892 2795 930 2826 In
956 2804 1030 2838 cap.
1058 2804 1161 2836 supra
1183 2800 1375 2826 memorato
1401 2792 1457 2825 hic
1482 2793 1580 2825 locus
1608 2803 1675 2824 non
1703 2800 1803 2824 extat.

490 2841 629 2873 Rectius
656 2851 730 2883 cap.
755 2840 873 2882 XCIV,
900 2850 977 2884 pag.
1006 2841 1081 2874 231.
1180 2839 1233 2875 36.
1260 2840 1387 2872 Psalm.
1414 2840 1452 2880 C,
1476 2850 1500 2871 1.

1918 2190 1924 2208 1
