2050 3292
272 190 362 218 cAp.
377 182 520 234 xxvn]
736 192 871 224 LIBER
897 192 1106 223 TERTIUS.
1783 181 1863 226 627

271 299 490 347 accipiatur
521 298 561 334 in
594 298 741 334 malum
778 311 850 345 pro
884 309 1123 346 quacunque
1155 296 1360 333 iuracione
1393 296 1452 333 vel
1485 309 1577 333 con—

270 356 488 393 testacione
510 367 695 403 perversa
717 364 761 391 ut
782 355 913 403 primo
936 356 1118 391 Machab.
1148 356 1200 390 10:
1224 355 1372 391 Eamus
1393 362 1429 390 et
1451 354 1578 403 dispo-

271 427 407 450 namus
456 421 719 449 testamentum
761 426 845 449 cum
885 413 1076 463 gentibus,
1125 419 1182 448 est
1223 421 1355 459 preter
1396 420 1577 449 nostrum

270 471 536 519 propositum.
569 472 683 507 Unde
715 470 938 518 colligendo
971 483 1105 507 sensus
1139 470 1460 518 grammaticales
1484 469 1580 506 dicit

239 541 254 562 2
273 538 480 566 metricus:

392 612 540 654 Testor,
572 610 607 646 εἰ
624 610 736 659 facio
770 617 1050 654 testamentum,
1084 610 1163 645 Sive
1194 609 1292 655 iur0⁷
1683 646 1787 675 Clu-ist

386 669 428 703 In
461 675 591 704 testem
626 668 779 717 ducens,
813 668 874 704 vel
902 668 937 704 si
968 667 1223 704 testimonium
1258 668 1319 711 do,
1594 682 1740 716 disposed
1771 683 1805 710 of
1828 691 1867 710 no

391 726 606 762 Coniurans
638 733 674 761 te
705 738 818 776 rogo.
852 726 933 762 Sex
964 726 1032 761 hos
1064 737 1195 761 sensus
1226 725 1294 760 tihi
1324 725 1435 761 dono.
1608 718 1856 789 worggtl-Zvffipods

1791 774 1798 788 7

330 818 511 854 Christus
549 827 683 854 autem
718 820 822 854 Deus
860 827 997 854 noster
1031 830 1112 854 non
1147 816 1325 854 condidit
1363 825 1577 853 testamen-

219 887 256 908 10
271 885 354 912 tum
394 877 441 912 de
480 876 593 912 bonis
630 876 789 912 fortune
829 879 885 921 (ut
925 883 1032 923 patet
1070 877 1118 911 IV
1158 875 1332 923 capitulo
1372 874 1486 910 huius
1516 875 1578 924 V),

271 934 365 982 quia
416 934 545 970 noluit
588 946 671 970 esse
716 933 840 970 civilis
884 933 1181 981 proprietarius,
1248 933 1432 969 habendo
1477 931 1578 980 quit-

271 1004 391 1040 quam
438 993 545 1028 unde
583 992 662 1028 tale
701 992 891 1028 conderet
928 999 1227 1036 testamentum,
1275 990 1376 1027 sicut
1421 998 1458 1026 et
1490 989 1579 1026 reli-

270 1049 370 1097 giosi
421 1062 548 1098 usque
600 1049 718 1086 hodie
770 1051 983 1085 observant
1035 1048 1075 1085 in
1128 1048 1319 1096 religione
1371 1057 1579 1096 perpetua,

269 1120 361 1155 ymo
407 1116 443 1143 et
488 1120 598 1155 reges
642 1120 723 1143 non
760 1106 927 1144 subiecti
966 1105 1041 1154 legi
1081 1107 1256 1143 humane
1288 1119 1368 1142 non
1402 1107 1580 1142 condunt
1676 1110 1786 1137 buthe

217 1165 501 1202 15huiusm0di
540 1173 792 1209 testamenta,
837 1165 931 1213 quia
975 1177 1055 1200 non
1100 1172 1280 1212 superest
1320 1166 1377 1209 (ut
1418 1163 1578 1209 dicitur)
1612 1145 1852 1215 gffisclffiagssccle,

271 1223 338 1271 qui
372 1223 648 1259 dominaretur
680 1222 848 1259 civiliter
880 1222 920 1258 in
953 1221 1068 1258 bonis
1102 1222 1203 1270 regis
1238 1221 1383 1258 mortui
1416 1230 1581 1269 propter

271 1281 458 1318 heredem
492 1280 757 1328 superstitem,
797 1280 887 1317 ideo
919 1279 993 1316 sibi
1025 1279 1099 1316 soli
1132 1279 1172 1316 in
1204 1279 1375 1316 solidum
1410 1279 1582 1327 pertinet

272 1340 319 1375 de
352 1338 465 1375 bonis
497 1338 577 1375 suis
617 1338 850 1386 disponere,
896 1339 943 1373 de
988 1337 1102 1373 bonis
1134 1350 1228 1373 vero
1262 1346 1417 1383 nature,
1451 1336 1582 1384 gracie

273 1404 310 1432 et
341 1396 523 1433 amicicie
556 1396 738 1433 Christus
775 1395 960 1432 dominus
992 1404 1126 1431 noster
1159 1395 1337 1431 condidit
1368 1403 1582 1431 testamen-

214 1463 256 1484 20
273 1463 372 1501 tum,
426 1467 515 1490 cum
570 1467 713 1502 corpus
756 1467 872 1491 suum
918 1452 1084 1489 tradidit
1127 1454 1178 1488 ad
1222 1452 1494 1500 sepeliendum
1541 1452 1582 1488 in

273 1520 361 1548 orto
393 1513 480 1549 Joh.
513 1513 599 1548 XIX
632 1520 669 1548 et
701 1511 877 1548 animam
913 1523 1026 1547 suam
1061 1513 1144 1546 Deo
1174 1512 1271 1547 Luc.
1294 1512 1431 1557 XXIII3
1465 1509 1582 1546 vesti-

274 1578 410 1606 menta
436 1578 569 1606 autem
600 1582 670 1606 sua
700 1569 881 1617 permisit
910 1568 1128 1616 parcienda
1157 1568 1349 1605 militibus
1371 1569 1457 1604 Joh.
1482 1569 1582 1603 XIX.

274 1630 331 1663 De
375 1627 489 1664 bonis
521 1640 615 1663 vero
660 1627 840 1664 amicicie
886 1626 1097 1675 adquisitis
1130 1626 1431 1662 commendavit
1464 1624 1583 1661 matri

275 1684 514 1733 discipulum
544 1686 632 1721 Joh.
655 1686 741 1721 XIX
774 1694 811 1721 et
843 1697 863 1722 e
896 1697 1088 1720 converso
1123 1692 1290 1721 matrem
1326 1683 1434 1720 dedit
1467 1682 1583 1719 disci-

217 1741 387 1791 25pu103
431 1755 570 1779 omnes
614 1751 746 1779 autem
794 1744 997 1790 apostolos
1042 1741 1150 1778 dedit
1195 1741 1360 1778 ecclesie
1406 1743 1456 1777 ad
1499 1740 1583 1777 eius

155 1801 236 1841 254ε
273 1800 485 1837 utilitatem
517 1809 724 1848 tamquam
749 1813 840 1837 oves
870 1796 874 1851 Ι
902 1800 1111 1836 laniandas
1145 1812 1166 1836 a
1191 1799 1444 1836 carnificibus
1466 1799 1583 1835 velud

273 1858 377 1906 lupis
410 1858 459 1895 ad
490 1858 726 1906 obsequium
759 1858 966 1906 spirituale
996 1857 1173 1894 ecclesie.
1207 1858 1272 1893 Sic
1296 1856 1400 1893 enim
1424 1865 1583 1904 oportet

274 1929 434 1953 omnem
468 1917 702 1952 salvandum
736 1916 977 1952 manducare
1007 1928 1167 1952 carnem
1201 1914 1347 1952 Christi
1380 1923 1416 1951 et
1449 1914 1583 1950 bibere

274 1973 356 2010 eius
389 1973 621 2021 sanguinem
656 1973 720 2022 pie
753 1974 967 2011 recolendo
992 1972 1139 2009 Christi
1172 1972 1413 2020 passionem,
1450 1981 1492 2008 ut
1524 1971 1583 2019 ip-

217 2033 258 2064 30
274 2040 399 2068 semet
436 2039 603 2068 testatur
640 2033 725 2068 Joh.
759 2032 824 2078 VI,
867 2033 971 2068 bona
1014 2040 1147 2067 autem
1182 2030 1314 2078 gracie
1345 2039 1389 2066 ut
1420 2029 1583 2066 virtutes

275 2089 384 2125 dedit
416 2089 621 2137 apostolis,
655 2098 698 2126 ut
731 2098 838 2137 patet
868 2089 1061 2126 Johannis
1093 2088 1161 2124 XV
1194 2088 1371 2136 capitulo
1415 2096 1451 2123 et
1487 2099 1582 2135 qua-

272 2155 361 2184 tuor
392 2147 663 2195 sequentibus,
701 2147 768 2183 ubi
802 2148 1013 2184 condendo
1046 2155 1330 2183 testamentum
1366 2145 1583 2181 moriturus

274 2205 315 2240 in
349 2204 563 2241 crastinum
599 2204 707 2241 dedit
738 2205 793 2242 eis
826 2204 1109 2251 humilitatem,
1143 2203 1407 2252 pacienciam,
1441 2202 1583 2239 carita-
1600 2217 1730 2245 Christ’s
1760 2218 1873 2247 double

274 2271 353 2298 tem
379 2271 415 2298 et
438 2262 573 2298 omnia
597 2275 741 2310 genera
762 2262 967 2306 virtutum,
992 2271 1074 2298 tam
1097 2274 1217 2310 opere
1239 2274 1360 2310 quam
1384 2273 1581 2297 sermone.
1633 2257 1835 2317 atgsffosssessssh

209 2323 235 2353 B
333 2322 380 2356 Et
431 2328 540 2368 patet
593 2322 700 2368 quod
745 2320 927 2357 Christus
980 2321 1199 2356 secundum
1255 2318 1452 2366 duplicem
1500 2318 1583 2354 eius
1696 2333 1776 2352 man.

274 2386 458 2414 naturam
495 2378 639 2425 duplex
672 2377 850 2414 condidit
883 2386 1187 2414 testamentum:
1222 2377 1372 2413 scilicet
1401 2384 1583 2413 eternum

275 2437 495 2472 secundum
542 2435 746 2482 deitatem,
792 2437 838 2472 de
884 2448 964 2483 quo
1010 2436 1168 2471 Psalmo
1214 2436 1381 2480 CXXXI,
1424 2445 1490 2471 12:
1545 2433 1587 2468 Si

276 2493 527 2529 custodierint
548 2493 629 2542 filii
659 2494 714 2529 tui
743 2501 1009 2529 testamentum
1042 2506 1166 2529 meum
1200 2501 1236 2529 et
1263 2492 1477 2528 testimonia
1501 2503 1585 2526 mea

274 2552 340 2587 hec
370 2563 441 2600 que
473 2551 614 2587 docebo
646 2564 723 2588 eos.
768 2551 885 2587 Aliud
919 2559 1053 2587 autem
1086 2559 1371 2587 testamentum
1406 2548 1585 2585 condidit

343 2718 369 2746 8.
387 2717 541 2754 fortune,·
566 2719 595 2746 in
623 2727 718 2753 marg.
741 2719 778 2745 al,
802 2726 910 2752 manu;
930 2723 1045 2746 textus:
1063 2719 1211 2754 fruitive,

346 2798 375 2822 2.
404 2791 426 2822 I.
453 2791 559 2821 Mace.
587 2791 609 2832 I,
641 2798 690 2822 12.

1373 2845 1448 2887 40*
