2050 3292
214 243 292 280 542

270 1860 439 1894 Ignorance

231 1895 405 1929 daugerous
427 1894 479 1921 but

258 1932 312 1956 not
332 1937 366 1956 so
388 1928 446 1956 bad

229 1972 262 1991 as
284 1972 300 1991 a
322 1963 478 1998 perverted

317 1999 389 2026 will.

930 235 989 266 DE
1018 234 1152 265 CIVILI
1180 233 1391 265 DOMINIO.
1572 219 1682 273 [CAP-
1704 226 1815 255 XXIV.

500 344 590 381 boni
631 350 666 379 et
710 341 885 392 cognicio
931 340 1025 387 veri,
1077 340 1132 376 sic
1176 351 1336 388 nequam
1387 339 1537 375 oculum
1592 340 1666 376 duo
1711 340 1816 376 mala

501 415 522 438 a
570 401 730 451 regione
771 399 1017 444 constituunt,
1065 397 1209 434 scilicet
1259 397 1398 433 cecitas
1444 398 1653 433 secundum
1701 410 1816 446 quam

501 460 662 510 ignorat
694 458 909 503 veritatem,
954 463 989 492 et
1015 455 1260 505 perversitas
1290 455 1500 491 secundum
1535 467 1648 504 quam
1688 456 1817 507 diligit

502 517 750 567 iniquitatem.
798 515 908 551 Unde
946 514 1047 550 inter
1078 515 1146 550 hec
1179 514 1254 550 duo
1288 520 1466 549 extrema
1505 525 1667 562 quorum
1701 527 1816 551 unum

501 583 557 612 est
588 575 727 612 bonum
759 572 1000 622 simpliciter,
1033 571 1179 608 scilicet
1210 571 1312 607 oculi
1342 571 1478 608 mentis
1508 571 1750 621 simplicitas,
1783 580 1851 613 eti>

501 633 611 669 aliud
641 639 698 668 est
728 630 873 668 malum
906 629 1136 679 simpliciter
1167 629 1313 666 scilicet
1344 629 1447 666 oculi
1478 630 1615 667 mentis
1647 630 1817 679 nequicia

501 698 557 728 est
601 691 698 727 dare
741 690 817 726 duo
850 688 1099 725 mediocriter
1130 688 1247 732 mala,
1288 687 1461 736 primum
1501 689 1653 736 quando
1686 688 1819 725 oculus

503 757 659 786 cecatur
691 747 921 798 ignorancia
955 753 1130 782 manente
1161 758 1246 782 cum
1279 746 1362 798 {elo
1394 745 1493 791 boni,
1527 746 1581 782 sic
1613 747 1715 794 quod
1735 759 1818 783 ma-

502 807 589 843 licia
622 819 694 843 non
727 804 901 852 intendit,
932 804 1141 841 secundum
1175 803 1374 840 assistente
1405 804 1490 840 veri
1520 804 1658 840 noticia
1692 804 1820 854 deficit

501 877 616 901 amor
646 863 746 901 boni.
798 865 852 900 Et
881 863 936 899 sic
968 861 1277 911 quadrupliciter
1308 869 1364 898 est
1402 861 1505 898 oculi
1534 862 1732 898 interioris
1764 862 1820 898 di·
1840 881 1878 902 10

503 923 619 959 visio:
657 921 814 973 primus
845 921 910 968 qui
938 921 1077 957 bonum
1111 920 1271 956 libenter
1302 920 1387 970 agit
1420 927 1454 956 et
1493 931 1627 956 verum
1660 920 1821 957 libenter

503 980 707 1032 intelligit;
737 987 773 1016 et
803 978 918 1017 talem
952 979 1103 1015 oculum
1136 977 1349 1027 simplicem
1379 974 1384 1030 1
1413 978 1474 1014 cui
1499 990 1566 1014 nec
1589 978 1693 1015 deest
1714 978 1821 1031 {elus
1861 985 1942 1018 220b

503 1051 571 1075 nec
612 1038 775 1076 sciencia
820 1037 983 1086 requirit
1014 1037 1134 1083 Deus,
1167 1048 1253 1072 cum
1287 1036 1443 1085 respicit
1472 1048 1592 1085 super
1610 1036 1723 1086 filios
1755 1037 1820 1073 ho-

503 1097 647 1133 minum
693 1104 735 1132 ut
778 1097 908 1133 videat
938 1096 973 1132 si
1002 1102 1057 1132 est
1088 1094 1313 1145 intelligens
1351 1101 1417 1130 aut
1450 1094 1650 1143 requirens
1682 1094 1821 1133 Deum.

503 1155 714 1200 Secundus,
748 1155 814 1204 qui
842 1155 980 1190 bonum
1015 1153 1143 1204 diligit
1166 1160 1202 1189 et
1224 1152 1368 1189 malum
1392 1152 1540 1188 nescius
1563 1152 1656 1199 odit,
1679 1152 1823 1189 tercius
1843 1161 1879 1195 15

504 1225 556 1250 ex
586 1213 740 1250 malicia
765 1225 981 1262 perversus
1007 1211 1266 1260 prudenciam
1300 1211 1412 1247 habet
1444 1218 1484 1246 ut
1505 1210 1637 1259 faciat
1667 1211 1820 1258 bonum,

502 1272 572 1308 sed
603 1272 707 1308 deest
738 1272 907 1320 affecci0,
940 1277 1103 1319 quartus
1135 1269 1198 1305 cui
1228 1270 1333 1305 deest
1359 1275 1437 1304 tam
1466 1268 1684 1318 prudencia
1707 1280 1820 1318 quam

504 1330 676 1379 affectus,
720 1337 756 1365 et
798 1330 868 1366 iste
912 1328 1116 1379 dupliciter
1147 1327 1274 1363 malus
1317 1327 1459 1363 dicitur
1489 1327 1631 1362 habere
1668 1327 1820 1363 oculum

505 1400 665 1437 nequam
709 1387 951 1436 simpliciter,
994 1386 1082 1437 quia
1126 1397 1365 1434 nequaquam
1411 1384 1524 1420 habet
1562 1384 1688 1421 lumen
1722 1385 1824 1421 oculi

503 1446 585 1482 sive
615 1446 756 1498 zelum.
789 1447 846 1482 De
876 1444 1022 1482 talibus
1045 1453 1178 1481 autem
1204 1442 1300 1480 dicit
1322 1443 1539 1491 Apostolus
1563 1444 1676 1479 Rom.
1700 1443 1728 1490 I,
1754 1454 1819 1490 21,
1837 1460 1879 1482 20

505 1504 613 1553 quod
651 1503 896 1540 obscuratum
936 1511 993 1540 est
1030 1503 1212 1552 insipiens
1243 1514 1312 1538 cor
1350 1509 1388 1537 et
1419 1509 1585 1549 propter
1619 1500 1818 1538 maliciam

505 1573 644 1598 eorum
677 1561 844 1599 tradidit
877 1574 943 1599 eos
977 1563 1083 1598 Deus
1114 1560 1154 1596 in
1186 1560 1404 1609 reprobum
1438 1571 1611 1596 sensum.
1645 1561 1703 1596 De
1735 1559 1823 1608 qui-

506 1621 579 1656 bus
623 1619 812 1657 scribitur
856 1622 971 1656 Prov.
1009 1619 1147 1668 XVIII,
1184 1630 1228 1668 3:
1275 1618 1420 1667 Impius
1463 1629 1549 1653 cum
1595 1617 1742 1653 venerit
1786 1618 1821 1653 in

501 1678 745 1727 profundum
785 1679 978 1714 malorum
1018 1676 1265 1726 contempnit.
1300 1677 1348 1711 Et
1380 1675 1436 1712 sic
1469 1675 1638 1711 dicentes
1668 1687 1709 1712 se
1742 1687 1823 1712 esse

504 1736 696 1785 sapientes
726 1736 836 1772 stulti
853 1736 963 1786 facti
991 1742 1091 1782 sunt,
1130 1734 1224 1783 quia
1270 1736 1295 1770 I.
1330 1734 1422 1771 Cor.
1457 1733 1558 1782 VIII,
1593 1744 1615 1771 2
1656 1733 1879 1773 dicitur:25

507 1794 550 1830 Si
580 1794 663 1843 quis
693 1801 819 1830 autem
852 1807 893 1831 se
915 1794 1113 1831 existimat
1134 1793 1236 1829 scire
1257 1792 1415 1841 aliquid,
1449 1792 1617 1828 nondum
1642 1792 1825 1842 cognovit

506 1853 696 1901 quomodo
730 1860 909 1902 oporteat
940 1865 1024 1888 eum
1058 1851 1170 1889 scire.
1205 1853 1310 1887 Deus
1350 1858 1484 1886 autem
1524 1848 1742 1897 respiciens
1775 1851 1825 1887 ad

507 1909 670 1947 modum
723 1911 806 1946 vult
864 1911 973 1959 quod
1024 1910 1246 1947 secundum
1294 1907 1509 1945 scienciam
1562 1908 1697 1944 datam
1750 1908 1825 1944 sibi

506 1967 712 2005 humiliter
756 1968 962 2005 serviatur.
1027 1970 1075 2005 Et
1119 1967 1175 2004 sic
1221 1968 1269 2003 de
1313 1967 1469 2002 duobus
1515 1965 1630 2003 malis
1683 1965 1824 2003 mediis

506 2025 681 2075 primum
714 2026 834 2063 habet
866 2026 906 2062 in
938 2035 1052 2075 parte
1085 2024 1404 2070 excusacionem,
1438 2023 1534 2072 quia
1565 2036 1648 2061 non
1676 2023 1825 2061 directe
1842 2031 1883 2064 30

507 2083 685 2122 abutitur
730 2083 903 2121 sciencia
934 2084 1008 2121 sibi
1042 2085 1147 2130 data,
1182 2085 1251 2120 sed
1284 2095 1328 2119 ex
1348 2082 1427 2119 alio
1459 2083 1581 2118 latere
1614 2083 1732 2119 habet
1764 2095 1825 2119 ra-

509 2142 665 2179 cionem
719 2143 835 2190 culpe
887 2143 975 2191 plus
1013 2142 1250 2190 periculose,
1304 2153 1395 2177 cum
1443 2140 1679 2188 ignorancia
1730 2140 1825 2178 facit

508 2200 752 2237 securiorem
785 2209 823 2237 et
854 2200 1049 2237 securitas
1072 2198 1311 2249 segniorem.
1347 2200 1425 2235 Sed
1448 2211 1538 2234 cum
1561 2198 1747 2235 voluntas
1775 2197 1826 2235 sit

508 2258 690 2307 superior
721 2258 938 2305 intellectu,
971 2258 1127 2295 videtur
1158 2258 1377 2294 secundum
1406 2255 1631 2293 mediorum
1666 2265 1825 2294 carente

508 2316 594 2354 zelo
625 2316 861 2364 nequiorem
896 2324 1097 2354 carentem
1131 2317 1238 2353 nudo
1271 2314 1439 2363 iudici03
1473 2314 1707 2351 conceditur
1730 2326 1825 2362 ergo
1842 2321 1882 2354 35

509 2375 618 2423 quod
663 2374 813 2411 malum
877 2383 935 2411 est
978 2374 1195 2423 unicuique
1242 2372 1405 2410 habenti
1451 2372 1612 2409 oculum
1650 2384 1825 2421 nequam
1866 2382 1946 2410 220C

510 2432 637 2470 eciam
679 2433 829 2469 bonum
869 2433 978 2481 quod
1012 2432 1105 2481 agit,
1139 2441 1301 2469 econtra
1339 2430 1503 2468 habenti
1536 2430 1698 2467 oculum
1733 2430 1826 2467 sim-

509 2490 655 2539 plicem
690 2490 817 2527 eciam
851 2491 1003 2527 malum
1037 2491 1146 2539 quod
1180 2489 1262 2538 agit
1294 2489 1335 2525 in
1366 2490 1515 2525 bonum
1549 2488 1725 2526 vertitur.
1778 2490 1827 2525 Et

580 2656 606 2675 2.
639 2649 732 2676 Cod.:
766 2657 782 2675 e
814 2649 955 2684 regione.
1075 2647 1113 2676 13.
1146 2648 1241 2676 Cod.:
1268 2648 1382 2682 filium.
1500 2648 1541 2674 16.
1574 2646 1670 2674 Cod.:
1702 2646 1825 2674 liabent.

511 2691 556 2715 24.
578 2683 733 2715 dicentes;
752 2683 810 2710 cod
833 2693 839 2710 τ
861 2683 979 2711 divites.
1055 2684 1100 2710 26.
1121 2686 1234 2710 autem.
1250 2682 1345 2710 Cod.:
1367 2682 1468 2709 talem.
1542 2680 1589 2716 34,
1610 2680 1652 2709 35.
1668 2680 1726 2708 Hic
1741 2681 1827 2709 locus

511 2722 676 2753 corruptus
696 2726 763 2745 esse
783 2718 914 2745 videtur.
987 2716 1027 2745 35.
1050 2718 1132 2754 zelo;
1151 2718 1245 2744 adde:
1265 2717 1376 2744 facere.

580 2811 612 2840 4.
639 2800 682 2831 Et
701 2810 791 2842 quae
811 2800 867 2831 hic
882 2807 1051 2842 sequntur
1067 2800 1155 2832 dicta
1175 2810 1245 2831 non
1266 2806 1346 2831 sunt
1364 2799 1406 2830 ad
1422 2799 1570 2830 verbum
1586 2800 1633 2830 St.
1649 2799 1826 2831 Bernardi.

518 2857 566 2878 10.
594 2846 646 2878 Cf.
672 2856 746 2888 cap.
772 2846 887 2877 XVIII.
