2050 3292
243 200 331 229 CAP.
353 192 480 245 xxm]
710 204 844 235 LIBER
871 203 1080 235 TERTlus.

241 309 464 347 mortaliter
508 309 651 346 excidit
695 322 717 346 a
759 309 922 346 nomine
967 309 1186 353 christiani,
1239 309 1364 345 eciam
1419 311 1545 347 nostri

240 369 436 419 doctores,
470 380 551 403 non
583 376 718 404 tamen
752 375 910 415 oportet
955 368 1062 415 quod
1094 366 1331 403 intrinsecus
1359 367 1439 404 sint
1462 368 1545 415 lupi

239 438 415 474 rapaces,
449 424 542 472 quia
573 438 653 461 non
684 425 850 461 veniunt
889 438 977 461 cum
1018 425 1128 461 rethe
1166 433 1204 461 et
1237 426 1354 461 dente
1387 426 1545 473 dyaboli

236 491 281 519 ut
311 483 469 531 rapiant
515 482 765 527 christianos,
807 483 907 518 sicut
947 482 1098 519 faciunt
1136 483 1318 519 doctores
1366 483 1544 522 heretici,

205 540 297 577 5111i
342 550 475 577 autem
520 549 611 576 sunt
650 540 819 576 maxime
859 539 1098 588 precavendi
1132 541 1179 577 de
1211 540 1355 588 quibus
1387 540 1546 588 scripsit

236 599 451 646 Apostolus
480 600 653 635 Actuum
676 599 757 641 XX,
783 609 968 646 29—31:
1002 598 1090 648 Ego
1112 598 1189 634 scio
1216 599 1318 646 quod
1348 597 1545 634 intrabunt

231 663 322 705 post
345 655 611 692 discessionem
635 668 758 692 meanz
783 656 865 704 lupi
886 667 1059 704 rapaces,
1093 667 1165 691 non
1183 663 1390 704 parcentes
1410 657 1544 706 gregi,

236 721 271 749 et
303 726 353 750 ex
391 714 572 750 vobismet
615 713 707 762 ipsis
750 721 965 764 exsurgent
997 713 1073 749 viri
1115 713 1306 762 loquentes
1339 725 1544 762 perversa,

236 780 274 807 ut
317 772 508 808 abducant
550 771 758 820 discipulos
793 779 883 820 post
923 783 981 817 se;
1029 778 1195 820 propter
1237 771 1339 820 quod
1370 771 1543 821 vigilate,

181 838 220 860 10
235 829 421 865 memoria
457 829 659 865 retinentes
696 830 797 877 quod
836 841 910 878 per
941 829 1131 865 triennum
1172 835 1280 865 nocte
1312 836 1347 865 et
1379 829 1439 865 die
1471 842 1542 865 non

234 887 383 923 cessavi
431 899 514 922 cunz
568 887 737 923 lacrimis
796 899 951 923 monens
1007 898 1309 935 unumquemque
1361 893 1543 925 vestrum.

233 946 404 981 Possunt
447 953 580 982 autem
613 945 765 981 fructus
798 944 1028 981 huiusmodi
1061 945 1431 991 pseudodoctorum
1465 944 1543 980 dis-

235 1002 343 1040 cerni
374 1001 597 1050 tn‘ipliciter,
631 1002 783 1039 scilicet
815 1004 949 1049 verbo,
983 1014 1104 1050 opere
1127 1010 1164 1038 et
1187 1002 1379 1050 exemplo.
1410 1003 1542 1039 Verbo

117 1059 198 1092 203⁸
234 1059 267 1096 si
299 1073 378 1097 non
402 1060 643 1097 confitentur
671 1057 676 1111 Ι
705 1060 905 1097 Christum
930 1071 1148 1108 pauperem
1173 1068 1209 1096 et
1232 1072 1414 1107 egenum,
1451 1072 1540 1096 cum

180 1117 310 1155 15hoc
341 1119 561 1155 secundum
595 1117 842 1154 divinitatem
878 1118 1031 1154 divitem
1062 1117 1206 1154 eternis
1239 1117 1406 1163 diviciis,
1441 1117 1542 1155 sicut

234 1176 350 1213 docet
372 1177 587 1224 Apostolus
611 1178 655 1213 ΙΙ.
674 1177 765 1212 Cor.
781 1177 879 1220 VIII,
903 1189 940 1226 9.
976 1176 1068 1211 Ideo
1092 1175 1240 1212 dicitur
1263 1177 1290 1213 1.
1309 1176 1395 1215 Joh.
1414 1177 1476 1219 IV,
1497 1187 1538 1214 2:

239 1234 371 1270 Omnis
413 1234 571 1284 spiritus
614 1235 678 1282 qui
718 1234 922 1283 confitetur
956 1234 1084 1269 Jesum
1124 1233 1321 1269 Christum
1356 1234 1391 1269 in
1425 1245 1542 1269 carne

231 1292 376 1328 venisse
407 1304 458 1328 ex
488 1293 572 1328 Deo
605 1300 671 1328 est.
704 1292 757 1327 Et
789 1292 910 1328 omnis
940 1291 1097 1340 spiritus
1130 1291 1194 1340 qui
1222 1292 1382 1327 solverit
1412 1291 1540 1328 Jesum

230 1361 281 1385 ex
312 1350 396 1385 Deo
428 1362 500 1386 non
533 1357 589 1386 est
625 1359 663 1386 et
700 1349 765 1386 hic
797 1358 855 1386 est
886 1349 1166 1386 Antichristus.
1207 1348 1247 1385 Si
1285 1358 1419 1385 autem
1453 1349 1541 1397 quis

174 1407 348 1448 20fuerit·
391 1407 643 1454 christianus,
688 1416 784 1444 tunc
829 1417 910 1443 tam
956 1419 1051 1443 voce
1096 1406 1202 1442 fideli
1254 1419 1372 1455 quam
1419 1419 1541 1455 opere

230 1464 472 1502 imitacionis
505 1465 761 1502 confitebitur
793 1474 946 1513 patrem
980 1477 1114 1513 suum3
1147 1477 1228 1501 non
1258 1464 1363 1501 enirn
1386 1466 1538 1501 nudum

229 1535 377 1559 nornen
428 1525 496 1560 sed
547 1523 637 1560 talis
690 1523 887 1560 confessio
939 1522 1059 1559 efficit
1112 1522 1387 1569 christianum,
1446 1523 1540 1571 quia

230 1582 344 1616 Rom.
377 1581 426 1627 X,
455 1592 504 1619 10
543 1581 679 1618 scribit
713 1582 947 1629 Apostolus:
988 1581 1066 1616 Ore
1103 1588 1228 1616 autem
1268 1580 1457 1629 consessio
1486 1581 1540 1630 fit

230 1639 281 1673 ad
322 1639 506 1683 salutenz;
551 1648 710 1687 oportet
755 1639 859 1675 enim
906 1647 1091 1675 naturam
1130 1647 1310 1675 nostram
1350 1637 1537 1675 infectam

172 1706 211 1738 25
229 1708 313 1733 esse
346 1697 545 1733 mulierem
577 1710 648 1747 que
678 1697 880 1747 sanguinis
908 1696 1068 1746 fluxum
1098 1708 1217 1745 passa
1250 1704 1306 1733 est
1338 1697 1537 1732 duodecim

227 1754 348 1801 annis,
392 1767 616 1791 consumens
659 1767 806 1791 omnem
850 1754 1108 1790 substanciam
1139 1766 1248 1790 suam
1292 1754 1329 1790 in
1368 1755 1537 1802 medicis,

227 1812 373 1848 accedit
406 1820 512 1849 retro
543 1820 579 1849 et
610 1820 743 1863 tanget
763 1813 967 1862 fimbriam
991 1812 1206 1848 vestimenti
1226 1812 1374 1848 Christi
1394 1820 1429 1848 et
1450 1820 1537 1848 tunc

227 1870 387 1906 cessabit
407 1870 548 1920 fluxus
569 1871 783 1921 sanguinis,
815 1870 854 1906 id
884 1878 959 1907 est:
992 1882 1014 1906 a
1037 1869 1258 1906 carnalium
1281 1870 1533 1918 voluptatum

226 1927 333 1963 fluxu
389 1928 607 1974 sanabitur,
653 1937 695 1964 ut
746 1928 905 1977 exponit
949 1927 1197 1975 Augustinus
1240 1940 1359 1976 super
1411 1929 1533 1964 Math.

170 1995 211 2027 30
227 1987 418 2022 Sermone
440 1987 509 2022 VI:
542 1987 716 2022 Fimbria
744 1987 1054 2022 vestimentorum
1083 1985 1231 2022 Christi
1258 1993 1345 2021 sunt
1377 1986 1535 2022 humilia

226 2051 260 2079 et
283 2044 497 2083 ,novissima
530 2044 790 2080 humanitatis
823 2056 892 2081 sue
920 2042 1089 2091 tegentis
1113 2043 1379 2090 divinitatem,
1413 2056 1533 2092 quam

227 2100 425 2138 fimbriam
480 2101 547 2150 qui
590 2101 787 2138 imitando
831 2101 1033 2139 Christum
1086 2100 1301 2137 efficaciter
1345 2101 1532 2149 tetigerit.

224 2158 349 2195 virtus
382 2172 403 2195 a
437 2158 642 2197 divinitate
675 2160 758 2196 eius
792 2159 909 2196 exibit
932 2168 969 2195 et
997 2158 1153 2196 sanabit
1177 2160 1361 2195 morbum
1386 2158 1532 2206 anime,

225 2216 293 2264 qui
337 2216 377 2253 in
420 2216 571 2254 circulo
617 2217 755 2253 mundi
800 2226 836 2253 et
880 2217 1013 2254 carnis
1046 2229 1116 2265 per
1149 2217 1360 2264 magistros
1395 2229 1531 2254 eorum

168 2284 207 2317 35
225 2274 358 2311 sanari
389 2287 471 2312 non
502 2275 644 2323 potuit.

152 2342 184 2373 M
282 2333 452 2380 Oportet
483 2333 588 2369 enim
623 2332 838 2369 efficaciter
876 2332 1058 2369 confiteri
1091 2332 1237 2369 Christi
1270 2332 1529 2380 penalitatem

179 2410 181 2412 -
224 2397 343 2438 atque
375 2390 552 2438 inopiam
587 2399 625 2426 et
657 2403 738 2426 non
769 2391 899 2426 solum
933 2390 1016 2427 eius
1049 2391 1254 2438 regaliam,
1288 2390 1388 2427 sicut
1420 2391 1531 2427 turbe

223 2460 292 2496 que
328 2448 523 2484 Christum
568 2448 825 2498 comprimunt
856 2448 1000 2497 quibus
1033 2461 1114 2485 non
1153 2457 1210 2485 est
1241 2448 1365 2484 virtus
1398 2449 1529 2485 anime

236 2665 241 2669 .
292 2638 333 2657 10.
350 2638 418 2664 per.
439 2630 533 2657 Cod.:
552 2634 633 2670 posu
721 2638 762 2663 14.
784 2638 925 2665 egenum.
939 2630 1044 2657 Adde:
1066 2633 1093 2656 et
1107 2630 1144 2657 11.
1162 2629 1233 2669 Cor.
1251 2630 1330 2663 VIII,
1352 2640 1385 2664 9:
1413 2639 1529 2665 egenus

213 2666 325 2700 sactus
345 2668 398 2699 est,
418 2673 483 2692 cunz
504 2667 583 2692 esset
599 2666 692 2692 dives.
782 2672 826 2700 27.
848 2664 940 2692 Cod.:
961 2667 1085 2700 tangat.
1175 2664 1216 2691 35.
1238 2664 1332 2692 Cod.:
1350 2668 1528 2699 potuerunt.

294 2760 346 2793 25.
373 2759 488 2791 Lucae
514 2759 600 2800 VIII,
625 2761 667 2800 43
778 2760 830 2792 30.
858 2759 909 2791 Cf.
937 2761 1024 2800 Aug.
1052 2759 1142 2801 Opp.
1162 2759 1203 2797 V,
1230 2769 1262 2800 p.
1295 2760 1390 2801 1132,
1419 2760 1525 2791 Serm.

224 2806 430 2838 CCLXXIX.

1327 2864 1395 2894 32³⁶

1751 211 1832 248 499

1602 2337 1658 2365 We
1679 2343 1759 2366 must

1546 2373 1668 2399 confess
1689 2373 1819 2401 Christ's

1546 2412 1673 2442 poverty
1693 2416 1726 2435 as
1746 2409 1812 2435 well

1555 2449 1588 2469 as
1608 2442 1655 2469 his
1676 2443 1801 2479 royalty.
