2050 3292
220 234 303 280 650

266 357 442 392 Summary.

278 992 375 1027 Chap.
399 992 448 1019 VI.

272 1458 369 1493 Cllap.
392 1457 457 1485 VII.

933 241 992 272 DE
1021 240 1156 271 civiti
1183 240 1393 272 Dor-invto.
1568 229 1676 281 [CAP.
1692 237 1815 265 xxvn.

509 347 680 384 siciones
719 346 872 383 domini
905 345 1199 392 Ardmachani;
1238 348 1412 382 secundo
1451 346 1554 382 tollit
1594 345 1816 382 evidencias

509 406 652 454 quibus
705 404 812 441 credi
865 413 998 452 posset
1057 404 1163 451 quod
1218 404 1397 440 Christus
1460 403 1598 440 habuit
1658 403 1716 439 ius
1768 405 1817 441 ad

509 463 757 512 regnandum
804 461 990 506 civiliter;
1036 461 1210 498 secundo
1254 460 1385 509 arguit
1427 461 1638 509 tripliciter
1681 469 1818 497 contra

509 522 619 566 illud,
659 530 696 558 et
727 520 851 556 tercio
883 521 1024 556 suadet
1061 519 1297 567 simpliciter
1329 521 1435 567 quod
1468 518 1715 566 impossibile
1746 518 1820 555 fuit

510 579 713 616 Christum
758 577 943 614 habuisse
986 577 1045 614 ius
1090 578 1139 613 ad
1179 578 1427 624 regnandum
1467 576 1645 623 civiliter,
1690 580 1852 613 osten-5

511 638 640 673 dendo
693 636 800 684 quod
850 636 1038 683 regnacio
1087 633 1234 672 Christi
1286 634 1517 671 humanitus
1567 634 1640 670 fuit
1690 635 1819 670 solum

511 694 698 743 regnacio
751 693 982 742 spiritualis,
1044 695 1092 729 Et
1143 692 1282 729 ultimo
1339 693 1455 729 solvit
1506 703 1585 728 tres
1642 692 1822 729 obiectus

510 751 752 801 sophisticos
781 753 1022 788 concludens
1045 751 1153 799 quod
1177 750 1357 787 Christus
1388 750 1461 786 fuit
1493 749 1668 798 optimus
1700 751 1822 787 homo

513 810 712 859 possibilis
756 809 904 846 faciens
949 818 1091 845 cuncta
1136 820 1259 856 opera
1309 821 1380 844 sua
1423 810 1473 844 ad
1520 808 1695 855 regulam
1742 820 1822 844 non

513 868 753 905 declinando
791 868 851 904 vel
884 867 924 903 in
958 866 1125 902 minimo
1159 879 1181 902 a
1214 865 1348 903 medio
1380 865 1531 902 iusticie
1562 866 1622 902 vel
1654 865 1822 911 virtutis,
1843 881 1880 901 10

512 935 555 963 ut
587 925 817 973 predicitur.

572 983 800 1032 Capitulum
826 990 975 1020 sextum
1002 982 1179 1018 declarat
1202 981 1332 1029 primo
1366 994 1407 1018 ex
1440 994 1630 1029 processu
1663 990 1822 1017 actuum

513 1043 803 1090 apostolorum,
863 1041 1066 1089 quomodo
1118 1039 1334 1076 christiana
1392 1039 1530 1087 religio
1583 1040 1632 1075 ab
1683 1040 1825 1075 abbate

515 1100 672 1136 Christo
724 1112 796 1147 pro
832 1095 835 1151 l
871 1107 1050 1143 cesserat,
1106 1110 1304 1145 exponens
1357 1098 1532 1145 regulam
1586 1096 1824 1145 octuplicem
1872 1100 1951 1133 261⁶

515 1157 729 1194 christiane
787 1155 987 1204 religionis
1048 1157 1219 1192 Actuum
1271 1156 1334 1193 IV.
1404 1157 1589 1192 Secundo
1654 1153 1881 1192 ostendit15

514 1217 734 1253 secundum
759 1215 939 1262 regulam
963 1213 1067 1250 beati
1090 1212 1301 1261 Augustini
1325 1215 1431 1261 quod
1455 1214 1610 1261 regulat
1637 1211 1826 1249 clericum

515 1274 737 1321 regularem
783 1285 865 1309 esse
898 1271 1229 1320 proprietarium,
1275 1280 1313 1308 et
1344 1271 1468 1308 tercio
1513 1270 1687 1307 ostendit
1723 1271 1826 1305 idem

517 1344 559 1368 ex
591 1332 728 1380 regula
760 1330 864 1367 beati
897 1329 1103 1378 Benedicti
1136 1329 1341 1365 addiciens
1374 1329 1469 1377 quid
1503 1329 1640 1366 dicunt
1672 1328 1829 1364 Lincol·

517 1389 665 1426 niensis
698 1398 736 1425 et
765 1388 992 1425 Jeronimus
1024 1387 1064 1423 in
1096 1388 1170 1424 hac
1202 1395 1326 1435 parte.

574 1447 805 1495 Capitulum
830 1446 1043 1494 septimum
1068 1444 1287 1482 introducit
1310 1446 1486 1492 regulam
1504 1444 1610 1481 beati
1627 1443 1829 1480 Francisci
1845 1458 1886 1480 20

517 1506 555 1541 in
599 1505 872 1541 testimonium
927 1503 1151 1551 evangelice
1194 1503 1440 1551 paupertatis
1480 1511 1516 1539 et
1561 1501 1829 1550 premittendo

517 1563 830 1611 descripcionem
871 1561 954 1597 eius
994 1561 1091 1609 quid
1128 1560 1303 1597 nominis
1337 1561 1513 1597 declarat
1545 1572 1615 1608 per
1647 1558 1827 1596 ordinem

519 1621 601 1657 eius
634 1619 913 1657 excellenciam
950 1632 993 1656 ex
1026 1628 1184 1665 natura,
1225 1630 1268 1655 ex
1300 1618 1497 1666 scriptura
1537 1626 1574 1654 et
1608 1629 1650 1653 ex
1682 1616 1829 1665 gracia.

519 1681 573 1715 Ex
616 1688 759 1715 natura
802 1677 1028 1726 tripliciter:
1075 1677 1211 1713 Primo
1252 1676 1346 1724 quia
1379 1676 1446 1713 illa
1478 1684 1534 1712 est
1567 1677 1685 1711 statui
1716 1674 1829 1711 inno-

520 1737 654 1773 cencie
678 1736 938 1782 conformior,
962 1736 1138 1772 secundo
1162 1734 1255 1783 quia
1277 1734 1341 1770 ille
1358 1742 1414 1771 est
1431 1742 1556 1770 status
1572 1732 1829 1781 compendio—
1848 1738 1886 1770 25

520 1795 700 1832 sissimus
752 1793 1038 1831 beatitudinem
1092 1792 1339 1841 acquirendi,
1390 1801 1427 1828 et
1478 1791 1603 1828 tercio
1647 1790 1741 1839 quia
1788 1802 1831 1827 ex

522 1852 814 1901 methaphisica
838 1855 944 1888 Deus
974 1851 1037 1888 cui
1070 1860 1128 1888 est
1161 1864 1255 1887 cura
1289 1852 1337 1886 de
1369 1850 1556 1887 omnibus
1589 1861 1669 1885 non
1700 1857 1832 1896 potest

522 1911 643 1948 servis
687 1911 767 1948 suis
812 1911 851 1946 in
895 1909 1058 1946 utilibus
1103 1909 1157 1945 eis
1202 1908 1383 1947 deficere.
1445 1910 1493 1943 Et
1545 1907 1744 1943 firmando
1789 1918 1832 1943 ex

522 1969 638 2005 dictis
660 1968 872 2016 Augustini
902 1977 938 2004 et
960 1967 1153 2004 Jeronimi
1186 1967 1363 2003 declarat
1395 1967 1502 2014 quod
1529 1964 1752 2001 voluntarie
1776 1963 1832 2001 sic

523 2039 675 2075 pauper
707 2039 789 2063 non
820 2033 990 2074 temptat
1021 2027 1163 2074 Deum,
1203 2026 1272 2061 sed
1305 2024 1400 2072 quid
1440 2036 1479 2060 se
1511 2022 1701 2060 sollicitat
1734 2021 1832 2059 citra
1849 2028 1891 2060 30

524 2087 729 2124 mundum.
767 2087 822 2121 Ex
854 2083 1053 2132 scriptura
1084 2083 1270 2128 ostendit,
1304 2082 1435 2130 primo
1468 2082 1629 2130 quando
1653 2080 1833 2118 Christus

523 2142 693 2191 predixit
737 2151 1016 2191 paupertatem
1064 2141 1334 2189 evangelicam
1381 2151 1424 2176 ex
1469 2140 1536 2175 illo
1574 2140 1695 2178 Math.
1727 2138 1832 2173 VIII:

525 2202 663 2250 Vulpes
687 2202 832 2250 foveas
865 2201 1025 2244 habent,·
1067 2200 1243 2237 secundo
1281 2198 1455 2235 ostendit
1488 2209 1531 2233 ex
1564 2194 1833 2245 superadditis

524 2268 754 2295 sanctorum
808 2257 1047 2295 testimoniis
1090 2259 1199 2306 quod
1242 2257 1315 2292 fuit
1358 2256 1399 2292 in
1450 2268 1619 2304 persona
1670 2253 1835 2302 propria

524 2329 613 2353 vere
651 2329 804 2365 pauper
848 2325 885 2352 et
928 2315 1052 2352 tercio
1097 2316 1206 2364 quod
1251 2313 1423 2363 apostoli
1462 2322 1499 2350 et
1531 2312 1615 2349 eius
1648 2311 1890 2359 discipuli35

526 2383 796 2423 conceperunt
828 2375 1034 2422 sequendo
1068 2385 1157 2409 eum
1189 2385 1229 2409 se
1252 2380 1438 2421 oportere
1460 2370 1641 2420 profiteri
1664 2382 1833 2418 pauper-

524 2442 663 2469 tatem.
695 2432 839 2469 Tercio
870 2444 964 2468 vero
988 2444 1031 2468 ex
1053 2431 1188 2479 gracia
1211 2431 1436 2467 declaratur
1458 2428 1680 2479 tripliciter,
1703 2426 1834 2476 primo

526 2504 569 2527 ex
612 2490 787 2527 vindicta
832 2498 947 2538 capta
991 2489 1030 2526 in
1064 2488 1404 2526 contravenientes
1436 2487 1541 2531 huic,
1586 2484 1759 2523 secundo
1791 2497 1835 2521 ex

526 2548 792 2596 inspiracione
808 2548 1098 2596 apostolorum,
1122 2548 1285 2595 quando
1301 2558 1459 2583 sensum
1482 2545 1602 2581 istum
1618 2546 1835 2581 docuerant

527 2615 564 2642 et
596 2606 720 2643 tercio
759 2619 802 2642 ex
842 2605 1092 2642 mirabilibus
1131 2604 1243 2641 factis
1282 2617 1351 2653 per
1388 2601 1687 2640 observanciam
1722 2602 1893 2648 huius4o

526 2676 684 2710 sensus;
736 2677 778 2700 ex
823 2665 965 2713 quibus
1018 2662 1222 2699 concludit
1274 2663 1380 2711 quod
1433 2673 1572 2697 omnes
1624 2654 1833 2710 religiosi}

527 2730 712 2758 tenentur
756 2721 936 2769 profiteri
971 2729 1007 2757 et
1039 2721 1250 2757 defendere
1283 2718 1511 2756 huiusmodi
1545 2725 1836 2765 paupertatem.
1876 2722 1957 2754 262⁸

597 2856 635 2883 31.
657 2856 751 2884 Cod.:
773 2856 907 2883 ostendit
927 2856 1020 2891 quod.
1094 2855 1138 2889 37.
1161 2854 1256 2881 Cod.:
1281 2853 1400 2881 Tereia.
