2050 3292
255 227 343 255 cliv.
364 216 475 271 xxxa]
726 227 860 260 LIBER
886 228 1095 260 Titurius.

256 336 420 383 generis,
455 333 548 383 quia
581 333 635 370 sic
669 333 853 371 accidens
887 333 1086 381 mitigaret
1120 334 1166 368 de
1200 331 1379 368 subiecto
1413 332 1451 366 in
1474 332 1565 367 sub-

255 392 422 439 iectum3
468 392 526 428 vel
560 391 675 427 aliter
707 392 807 428 foret
840 391 878 427 in
913 391 1043 438 primo
1078 398 1242 438 parente
1288 389 1466 424 infinitus
1500 401 1565 424 cu—

256 451 385 486 mulus
430 448 691 493 iusticiarum‚
738 449 828 497 quia
873 457 930 484 tot
976 457 1071 496 quot
1103 448 1195 483 iusti
1235 455 1404 494 possunt
1437 447 1485 482 ab
1519 459 1565 482 eo

254 508 491 555 procedere;
527 515 564 542 et
596 506 651 542 sic
685 507 813 542 forent
848 515 1032 553 parentes
1056 505 1175 542 nimis
1197 503 1289 540 iusti
1314 503 1565 540 naturaliter.

221 566 333 601 5Nec
377 564 546 612 pertinet
589 564 698 612 loqui
743 564 873 600 solum
913 565 960 599 de
999 562 1212 600 universali
1246 561 1380 609 specie
1413 561 1566 608 peccati

254 621 471 670 originalis,
496 630 580 657 tuni
604 622 696 669 quia
720 621 871 669 species
896 621 963 657 illa
988 634 1068 657 non
1098 620 1239 667 recipit
1264 618 1566 666 predicaciones

254 680 478 716 huiusmodi
523 679 764 727 personales,
811 687 894 714 turn
942 679 1067 715 eciam
1112 678 1203 726 quia
1249 676 1460 713 difficultas
1494 685 1563 721 est,

254 739 357 774 unde
402 746 438 772 et
483 737 688 785 quomodo
734 736 982 773 contrahitur
1027 738 1103 772 hoc
1148 747 1270 783 genus
1316 733 1565 770 individuum

253 803 525 844 peccatorum,
559 794 785 842 specialiter
819 807 907 831 cum
933 795 1074 830 doctor
1096 801 1213 840 negat
1236 793 1372 828 adesse
1397 791 1433 827 id
1459 793 1565 839 quod

202 865 358 889 innume
387 861 455 898 est,
490 853 640 889 videtur
673 853 780 900 quod
804 861 1013 900 peccatum
1049 850 1243 898 originale
1277 863 1356 885 non
1390 850 1444 885 sic
1473 862 1567 885 con-

253 911 421 946 trahitur
454 923 474 946 a
506 923 586 946 non
626 918 733 957 ente3
778 919 815 945 et
849 910 887 945 in
921 911 995 945 hoc
1028 909 1211 945 videntur
1245 907 1427 943 homines
1461 906 1566 942 illius

252 967 450 1015 opinionis
483 967 722 1004 incarcerari
755 968 958 1015 loquendo
991 967 1030 1002 in
1062 968 1137 1003 ista
1170 964 1350 1002 materia.

189 1029 214 1059 B
310 1027 420 1072 Item,
460 1025 621 1073 quilibet
653 1024 756 1061 filius
788 1026 872 1061 Ade
906 1034 1013 1061 caret
1045 1023 1201 1060 iusticia
1234 1035 1311 1071 que
1357 1021 1471 1058 debet
1503 1034 1566 1058 ac-

253 1084 327 1131 cipi
350 1096 371 1119 a
394 1085 521 1131 primo
550 1091 734 1131 parente3
769 1091 806 1119 et
840 1084 1007 1119 breviter
1041 1091 1098 1118 est
1131 1082 1311 1118 carencia
1341 1081 1490 1116 iusticie
1514 1081 1566 1116 sic

134 1141 215 1187 :2qu
254 1141 480 1177 modificate
501 1142 539 1177 in
562 1142 668 1177 omni
697 1137 701 1192 Ι
731 1142 903 1185 homine,
937 1153 1029 1176 narn
1055 1140 1184 1176 Adam
1214 1147 1251 1175 et
1274 1140 1354 1174 Eva
1379 1138 1567 1173 carebant

254 1207 447 1246 perpetuo
479 1199 546 1235 tali
578 1200 739 1244 iusticia,
775 1207 811 1234 et
845 1200 873 1235 si
908 1199 1059 1234 dicatur
1092 1198 1200 1245 quod
1232 1209 1314 1232 non
1345 1196 1567 1231 debuerunt

254 1258 398 1293 habere
430 1257 551 1293 talem
582 1257 788 1299 iusticiam,
834 1257 884 1292 ad
918 1257 993 1292 hoc
1025 1267 1164 1291 omnes
1203 1254 1270 1290 filii
1303 1265 1440 1289 eorum
1476 1253 1567 1288 facti

254 1327 297 1351 ex
328 1315 492 1351 traduce
525 1315 749 1350 debuerunt
782 1315 928 1350 habere
951 1314 1073 1350 talen]
1094 1313 1285 1349 iusticiam
1314 1320 1351 1347 et
1374 1319 1567 1358 perpetuo

252 1372 317 1409 illa
351 1380 500 1418 carent,
534 1373 632 1407 sicut
666 1380 702 1407 et
736 1380 844 1407 caret
871 1372 1049 1408 Christus
1082 1380 1120 1408 et
1154 1377 1307 1407 careret
1340 1370 1567 1415 quicunque

196 1442 238 1464 20
253 1438 386 1479 preter
417 1430 640 1466 naturalem
675 1431 1010 1477 propagacionem
1055 1429 1218 1465 humani
1263 1428 1416 1475 generis
1451 1437 1567 1473 gene-

253 1497 377 1533 ratus,
411 1490 510 1523 sicut
543 1496 580 1523 et
604 1487 759 1523 cuilibet
784 1489 887 1523 Deus
921 1488 1141 1524 remitteret
1173 1487 1249 1522 hoc
1283 1485 1459 1520 debitum
1494 1496 1566 1531 pro

250 1547 380 1593 primo
412 1546 571 1581 instanti
604 1546 660 1581 sui
695 1557 797 1591 esse;
841 1546 909 1581 sed
941 1557 1022 1580 non
1053 1544 1218 1582 docetur
1252 1544 1346 1590 quin
1379 1543 1431 1577 sic
1465 1549 1567 1577 eter-

252 1604 392 1640 naliter
425 1604 583 1639 remittit
616 1603 771 1639 cuilibet
814 1605 952 1639 viatori
985 1611 1021 1638 et
1052 1614 1123 1649 per
1163 1611 1423 1648 consequens,
1470 1600 1567 1635 sicut

253 1662 343 1697 dixit
366 1660 560 1708 Pelagius,
586 1673 666 1696 non
690 1660 790 1696 foret
814 1673 975 1697 necesse
998 1672 1146 1708 ponere
1170 1659 1331 1706 aliquod
1356 1665 1565 1705 peccatum

197 1719 234 1752 25
252 1719 442 1766 originale
476 1730 519 1754 ex
550 1725 714 1766 peccato
749 1719 860 1765 primi
896 1719 1076 1768 hominis,
1110 1719 1200 1765 quia
1233 1718 1260 1752 si
1294 1728 1366 1752 nec
1390 1716 1471 1763 ipse
1494 1727 1566 1750 nec

252 1788 376 1823 genus
421 1788 535 1812 suum
581 1776 717 1812 debuit
761 1777 884 1812 creari
929 1778 966 1811 in
999 1775 1151 1812 iusticia
1183 1775 1243 1811 vel
1278 1772 1426 1821 gracia,
1472 1781 1567 1808 tunc

252 1846 324 1870 nec
356 1835 519 1870 haberet
550 1835 589 1869 in
622 1835 678 1869 sui
711 1835 824 1869 inicio
858 1834 1054 1870 defectum
1097 1833 1217 1869 talen]
1250 1840 1345 1867 tunc
1379 1831 1494 1866 debiti
1530 1838 1567 1865 et

252 1894 303 1927 sic
337 1905 414 1928 non
449 1893 614 1928 haberet
647 1891 842 1927 defectum
885 1892 1203 1939 dampnabilem3
1250 1890 1402 1925 videtur
1446 1887 1567 1935 igitur

252 1950 457 1997 probabile
504 1950 562 1996 (ut
596 1951 665 1985 dixi
700 1949 895 1996 superius)
940 1949 1047 1997 quod
1080 1947 1313 1995 descriptive
1354 1953 1564 1993 peccatum

197 2009 237 2040 30
252 2008 440 2054 originale
464 2008 510 2043 sit
533 2007 709 2043 defectus
732 2006 933 2054 originalis
957 2008 1119 2043 moralis
1149 2005 1315 2050 iusticie,
1351 2016 1427 2051 que
1451 2004 1566 2039 debet

251 2064 378 2101 inesse
425 2073 604 2101 creature
650 2064 891 2109 racionabili‚
937 2073 975 2101 et
1019 2066 1072 2100 sic
1116 2065 1267 2112 primus
1307 2073 1453 2109 parens
1486 2072 1566 2096 non

252 2123 430 2170 peccavit
462 2123 715 2172 originaliter,
760 2124 848 2170 quia
883 2135 964 2159 non
996 2134 1070 2169 pro
1103 2121 1163 2158 sui
1196 2121 1323 2165 inicio,
1370 2119 1437 2155 sed
1475 2126 1567 2165 post

253 2180 397 2217 actuali
430 2180 740 2225 deliberacione;
787 2181 894 2228 quod
927 2187 1139 2227 peccatum
1173 2186 1304 2226 potest
1343 2176 1420 2212 dici
1453 2175 1565 2223 origo

251 2240 378 2274 tocius
423 2239 649 2285 posterioris
695 2237 847 2285 peccati
891 2237 1055 2274 humani
1101 2237 1272 2285 generis;
1317 2242 1565 2270 nontamen

197 2297 381 2343 35ipsurn
415 2308 604 2332 vocamus
649 2303 858 2342 peccatum
904 2295 1107 2343 originale,
1153 2295 1245 2342 quia
1284 2305 1365 2328 non
1396 2290 1510 2328 infuit
1543 2303 1565 2326 a

253 2353 383 2401 prima
416 2354 562 2401 origine
596 2354 648 2389 sic
681 2354 893 2400 peccantis.

1589 1030 1728 1064 Original
1751 1032 1796 1058 sin
1818 1031 1843 1057 is

1606 1074 1621 1091 a
1642 1066 1709 1092 laclt
1728 1065 1761 1092 of
1780 1066 1829 1093 the

1670 1100 1767 1127 moral

1601 1134 1831 1168 righteousness

1634 1169 1735 1195 which
1757 1178 1802 1195 we

1611 1204 1722 1230 should
1744 1204 1819 1231 have

1591 1238 1742 1265 inhesited
1765 1239 1844 1265 froin

1612 1273 1725 1306 Adam,
1748 1274 1772 1299 is
1790 1273 1825 1300 he

1590 1308 1645 1334 had
1669 1313 1722 1334 not
1743 1308 1843 1335 fallen.

133 2416 215 2455 229⁰
313 2413 387 2447 Pro
421 2410 696 2447 declaracione
728 2422 822 2446 vero
865 2410 1019 2446 videtur
1047 2405 1051 2462 1
1081 2409 1198 2445 michi
1234 2411 1288 2453 (ut
1326 2419 1419 2454 sepe
1454 2406 1639 2451 alias)We
1659 2420 1709 2440 are
1725 2413 1800 2440 born
1822 2413 1852 2440 in

254 2469 361 2516 quod
406 2470 531 2504 omnis
577 2468 697 2504 homo
743 2469 858 2503 debet
904 2480 974 2515 pro
1019 2479 1091 2504 suo
1126 2474 1320 2514 perpetuo
1354 2466 1565 2501 observare

252 2527 458 2564 iusticiam.
511 2526 567 2561 Ex
601 2538 681 2573 quo
714 2525 878 2567 videtur,
914 2526 1021 2572 quod
1055 2535 1216 2560 necesse
1256 2531 1313 2559 est
1345 2523 1476 2558 Deum
1512 2523 1566 2556 in-

195 2597 239 2627 40
254 2584 417 2620 fundere
462 2585 632 2630 graciam
681 2584 900 2630 cuicunque
947 2581 1099 2618 homini
1133 2594 1203 2629 pro
1242 2593 1312 2616 suo
1342 2579 1476 2627 primo
1509 2581 1564 2614 in-

253 2642 385 2687 stanti,
419 2642 488 2676 nisi
519 2642 602 2689 ipse
624 2641 683 2677 vel
716 2641 948 2688 principium
973 2652 1088 2676 suum
1112 2639 1314 2687 impediat,
1347 2649 1440 2673 nam
1476 2649 1563 2672 cum

324 2832 360 2859 15.
382 2832 477 2860 Cod.:
498 2832 657 2859 carebunt.
732 2839 770 2858 21.
792 2831 886 2859 Cod.:
908 2831 1029 2859 cuilibet
1047 2831 1113 2858 tihi.

1615 2447 1745 2482 original
1767 2448 1825 2475 siu.
