2050 3292
241 220 328 246 mr.
352 206 461 265 xxv]
713 217 847 252 LIBER
874 219 1082 251 'suarius
1755 220 1835 262 599

242 327 482 363 confitentur
521 326 708 376 Domino7
757 325 947 375 quoniam
994 326 1120 361 bonus
1164 325 1383 361 secundum
1429 323 1545 360 istam

242 385 441 432 duplicem
475 385 690 421 racionem.
724 385 1013 421 Verumtamen
1045 391 1128 419 tota
1161 381 1327 418 ecclesia
1361 390 1417 417 est
1448 394 1547 417 unus
1622 390 1773 426 Forgiven

242 451 427 490 peccator
459 455 579 490 agens
612 442 898 490 penitenciam3
932 452 1049 488 super
1082 452 1161 488 quo
1190 452 1280 476 cum
1315 439 1444 487 capite
1477 451 1547 474 suo
1563 427 1835 493 5131¹ffl1²1225¹3¹¹ff¹231135

1576 495 1662 527 equa]
1685 496 1823 529 grounds

241 509 297 536 est
331 500 456 537 maius
490 500 676 548 gaudium
712 512 831 548 quam
866 510 984 546 super
1029 506 1112 534 tota
1147 496 1398 533 multitudine
1431 508 1609 554 ange-for
1631 529 1734 563 loving
1754 529 1821 557 God

208 558 382 595 Morum.
417 560 605 594 Peccator
628 566 760 595 autem
785 555 980 593 eiusmodi
1008 568 1089 591 non
1121 555 1191 591 fuit
1225 554 1404 591 Christus
1438 562 1474 590 et
1506 562 1547 589 ut
1594 562 1806 603 The'vamous

241 615 415 651 creditur
446 628 518 652 nec
552 624 679 652 mater
712 615 792 652 eius
826 616 944 651 habet
977 612 1092 649 istam
1129 612 1330 649 racionem
1364 624 1484 659 super
1508 623 1547 647 se
1572 600 1828 660 “*²¹3'{31¹1¹1¹.i‡{'¹¹¹⁰'¹

239 672 457 721 gaudendi3
498 673 554 709 illi
594 682 726 710 autem
767 672 872 708 beati
905 684 1075 720 quorum
1110 671 1294 707 voluntas
1328 670 1545 706 secundum
1616 669 1777 730 redeeluieict

239 731 404 767 alteram
457 729 623 767 istarum
678 730 885 767 racionum
941 728 1066 777 magis
1125 727 1355 773 attenditur,
1420 726 1547 774 magis
1622 711 1782 730 ¹¹¹a¹³¹¹¹¹⁸'

238 789 422 835 gaudent,
458 797 498 824 ut
531 789 654 825 Maria
688 788 813 836 magis
846 795 1000 824 attensa
1033 794 1090 823 est
1113 787 1298 834 Symone,
1331 786 1425 833 quia
1457 784 1548 820 licet

187 862 223 881 10
239 854 404 894 uterque
437 846 586 893 pariter
623 846 748 894 possit
780 857 961 895 peccare,
1000 853 1135 880 tamen
1170 842 1346 879 dimissio
1380 842 1547 878 actualis

238 904 323 950 plus
368 904 525 951 proficit
568 904 641 940 sibi
685 917 754 952 per
800 903 1003 949 accidens3
1052 910 1089 937 et
1133 901 1187 938 sic
1232 901 1324 936 licet
1355 900 1394 935 in
1427 912 1467 935 se
1499 899 1548 935 sit

238 961 452 1010 utrobique
495 974 567 1010 par
612 962 719 998 racio
764 961 967 1009 diligendi,
1017 968 1152 996 tamen
1198 957 1395 1005 contingit
1440 958 1547 1006 quod

237 1019 425 1055 alteruter
457 1019 615 1055 aliunde
650 1032 692 1055 ex
725 1018 960 1055 accensione
993 1017 1154 1065 spiritus
1187 1018 1274 1065 plus
1309 1015 1455 1062 diligat.
1501 1017 1548 1050 Et

238 1076 352 1113 istam
401 1077 694 1113 continenciam
741 1076 913 1113 racionis
959 1074 1087 1111 innuit
1127 1074 1306 1110 Christus
1352 1072 1548 1108 subtiliter

184 1140 219 1171 15
237 1134 491 1182 reprimendo
525 1135 752 1183 superbiam
789 1144 826 1170 et
849 1133 1042 1169 iudicium
1067 1131 1326 1168 temerarium
1352 1130 1544 1178 pharisei3

237 1204 309 1228 nec
343 1192 520 1229 dissonat
554 1201 772 1229 creatorem
807 1191 1008 1228 dimittere
1047 1191 1154 1238 quod
1192 1202 1273 1225 non
1308 1188 1415 1234 facit,
1457 1200 1542 1223 cum

236 1250 357 1286 homo
402 1250 565 1287 dimittit
609 1250 785 1286 debitum
833 1250 940 1298 quod
986 1248 1143 1284 debitor
1192 1259 1265 1283 nec
1311 1246 1427 1283 solvit
1472 1257 1545 1281 nec

115 1314 195 1353 243⁸
236 1306 380 1344 suffieit
413 1310 577 1355 solvere,
611 1308 665 1344 sic
698 1311 804 1344 Deus
832 1308 836 1355 Ι
866 1306 1031 1342 dimittit
1063 1317 1183 1342 omne
1215 1306 1323 1353 quod
1358 1311 1545 1351 peccator

236 1365 528 1412 predestinatus
561 1366 634 1402 sibi
668 1366 835 1402 solveret
869 1364 944 1400 nisi
977 1364 1074 1399 illud
1109 1376 1151 1399 ex
1174 1375 1245 1399 sua
1270 1360 1546 1398 misericordia

179 1423 439 1469 201·elaxa1·et‚
486 1425 593 1472 quod
639 1432 696 1460 est
738 1423 853 1460 nobis
900 1421 1170 1469 incognitum3
1218 1420 1308 1456 ideo
1354 1421 1544 1455 debemus

235 1480 365 1528 ipsum
415 1482 578 1529 diligere
623 1490 820 1529 quantum
866 1480 1105 1527 sufficimus3
1153 1479 1236 1526 ipse
1281 1477 1386 1514 enim
1436 1476 1545 1512 novit

234 1539 553 1586 peccabilitatem
600 1552 621 1575 a
665 1539 777 1575 cuius
822 1546 911 1575 actu
943 1537 1099 1574 liberati
1132 1549 1267 1572 sumus
1300 1535 1401 1571 sicut
1434 1533 1545 1570 novit

236 1596 531 1633 multitudinem
579 1598 803 1633 defectuum
851 1594 1105 1643 originalium
1159 1593 1423 1639 iusticiarum,
1477 1591 1544 1640 qui

232 1666 369 1690 omnes
414 1655 602 1701 defectus,
647 1654 739 1692 licet
784 1655 859 1690 sint
903 1654 1026 1689 multa
1070 1651 1281 1700 originalia
1326 1650 1365 1686 in
1399 1651 1540 1686 eodem

176 1719 215 1751 25
233 1711 407 1759 homine,
441 1721 529 1749 sunt
561 1721 696 1749 tamen
729 1725 851 1748 unum
887 1719 1093 1759 peccatum
1125 1709 1332 1757 originale.
1367 1710 1413 1744 Et
1436 1716 1544 1756 patet

232 1771 340 1817 quod
373 1771 470 1806 sicut
502 1778 582 1807 tam
617 1773 721 1808 Deus
755 1782 875 1819 quam
909 1770 1031 1805 homo
1066 1766 1229 1804 dimittit
1274 1766 1420 1811 debita,
1467 1777 1543 1813 que

232 1840 441 1875 nunquam
487 1828 658 1874 fuerunt,
708 1837 744 1864 et
789 1839 858 1876 per
905 1838 1151 1874 consequens
1211 1837 1287 1872 que
1334 1836 1541 1871 nunquam

233 1885 391 1921 fuerunt
424 1886 557 1922 debita
580 1887 639 1922 vel
664 1888 887 1923 debuerunt
910 1885 1019 1929 solvi,
1054 1884 1109 1920 sic
1139 1883 1299 1919 redimit
1331 1891 1367 1918 et
1400 1881 1543 1918 liberat

232 1942 434 1978 hominem
469 1956 490 1979 a
513 1956 616 1991 pena
640 1952 676 1980 et
700 1952 827 1979 morte
851 1951 986 1979 eterna
1010 1954 1129 1990 quam
1154 1952 1357 1989 nunquam
1385 1939 1540 1975 meruit.

176 2009 216 2039 30
232 2000 364 2036 Potest
387 2000 492 2037 enirn
516 2002 693 2038 debitum
728 2000 876 2037 dimitti
909 1999 1132 2048 dupliciter,
1164 1999 1223 2034 vel
1251 1999 1355 2046 quod
1387 2005 1543 2033 moveat

233 2070 292 2093 res
317 2058 449 2095 debita
472 2068 508 2095 et
533 2059 614 2095 eius
638 2059 791 2096 solucio
816 2058 1041 2094 remittatur
1065 2058 1122 2093 vel
1146 2057 1253 2105 quod
1289 2056 1356 2092 fiat
1390 2054 1541 2090 miseri-

233 2115 419 2165 corditer,
452 2124 495 2153 ut
526 2130 598 2154 suo
630 2127 809 2165 tempore
843 2129 923 2153 non
956 2116 1005 2151 sit
1038 2114 1229 2151 debitum.
1265 2113 1396 2149 Primo
1422 2113 1541 2148 modo

232 2185 357 2221 equus
389 2174 449 2210 vel
481 2174 589 2211 aliud
620 2174 760 2211 usibile
794 2183 850 2211 est
889 2173 1064 2210 debitum
1106 2181 1142 2208 et
1181 2171 1356 2208 creditor
1390 2170 1542 2206 miseri-

232 2231 405 2267 corditer
423 2230 625 2280 dispensat
647 2245 695 2269 ne
714 2232 787 2269 sibi
804 2233 1012 2280 reddatur-3
1037 2230 1211 2267 secundo
1230 2230 1350 2265 modo
1369 2229 1541 2265 creditor

175 2288 394 2328 35dimittit
438 2289 614 2326 debitum
661 2291 767 2339 quod
813 2302 885 2327 nec
929 2289 1002 2325 fuit
1046 2301 1118 2325 nec
1152 2287 1225 2324 erit
1259 2288 1351 2322 dum
1389 2284 1539 2321 miseri-

232 2346 405 2383 corditer
449 2347 651 2395 dispensat
697 2360 784 2384 cum
820 2348 861 2384 in
893 2355 1054 2395 potente
1086 2346 1146 2382 vel
1178 2358 1258 2381 non
1291 2345 1459 2380 habente
1492 2354 1540 2378 ne

187 2416 190 2420 ·
231 2403 303 2439 sibi
349 2404 579 2452 imputetur,
625 2406 717 2442 licet
760 2417 839 2442 non
885 2405 1042 2453 reddat;
1090 2413 1125 2440 et
1169 2411 1278 2451 patet
1318 2402 1425 2449 quod
1460 2412 1540 2436 non

231 2470 388 2509 oportet
421 2463 450 2498 si
484 2464 621 2498 Petrus
666 2462 829 2499 dimittit
874 2463 1047 2499 debiturn
1084 2461 1192 2510 quod
1230 2460 1326 2496 illud
1360 2458 1538 2494 debitum

230 2518 302 2554 fuit
334 2520 393 2556 vel
427 2519 501 2556 erit
533 2528 600 2557 aut
632 2520 767 2557 debuit
800 2520 898 2568 dari,
932 2520 1133 2557 dimittere
1167 2519 1269 2555 enim
1295 2525 1351 2553 est
1374 2517 1537 2553 verbum

171 2596 215 2626 40
231 2577 483 2624 ampliatum,

288 2636 335 2671 Et
368 2636 544 2672 secunda
576 2648 667 2683 pars
700 2635 969 2673 conclusionis
994 2642 1101 2683 patet
1125 2635 1172 2670 de
1196 2632 1358 2669 homine
1381 2630 1538 2668 Christo

231 2691 297 2740 qui
329 2691 520 2729 ineffabili
554 2693 797 2730 commercio
833 2693 998 2731 redemit
1035 2704 1158 2740 genus
1195 2692 1416 2726 humanum
1456 2697 1536 2724 tam

298 2827 321 2854 5.
344 2827 439 2854 Coda
459 2826 544 2853 modi
561 2827 654 2853 deest.
