2050 3292
250 223 338 252 CAP.
365 218 449 271 xx.]
727 228 860 259 LIBER
886 227 1093 260 TERTIUS.
1755 237 1779 274 4
1789 238 1802 262 1
1813 237 1836 274 9

248 334 338 372 litas
361 334 561 372 Christum
586 334 765 383 profiteri
787 347 1004 382 pauperem
1029 344 1065 371 et
1091 336 1316 372 mendicum
1353 345 1389 373 et
1413 350 1550 373 omnes
1614 335 1796 396 zeffessnffjesslffls

250 392 484 429 christianos
508 392 752 429 miserabiles
777 392 981 429 mendicos
1004 393 1088 443 Dei,
1121 403 1163 429 ut
1196 403 1305 442 patet
1328 407 1397 441 per
1417 396 1550 442 Augu·
1636 390 1775 439 beggam.

249 449 410 495 stinum,
457 450 745 487 Crisostomum
791 458 828 485 et
869 451 1144 486 Bernhardum
1202 451 1241 487 in
1274 453 1466 488 Sermone
1505 453 1551 488 de

249 507 433 544 omnibus
455 509 598 544 sanctis
627 508 881 543 confitentem
916 520 1045 544 onmes
1067 509 1237 545 homines
1259 522 1338 545 esse
1361 510 1553 545 mendicos

216 565 334 604 5Dei.
368 567 415 600 Et
449 565 519 601 iste
552 565 720 613 quesivit
752 573 1029 613 paupertatem
1059 566 1205 602 Christi
1237 568 1273 602 in
1307 567 1476 611 stabulo,
1510 576 1552 603 ut

249 630 356 671 patet
379 624 449 658 IV0
474 622 650 670 capitulo
674 622 791 658 huius
814 618 880 660 Vti-
916 624 1034 660 Modo
1064 632 1197 659 autem
1227 624 1395 672 religiosi
1428 627 1552 660 nostri

249 680 480 728 profitentes
527 681 864 717 mendicacionem
911 688 948 716 et
995 689 1273 728 paupertatem
1321 681 1552 718 huiusmodi

247 746 352 774 stant
391 751 412 774 a
450 738 568 786 longe
607 750 696 774 cum
737 737 864 774 tribus
898 739 1020 785 magis
1059 738 1098 774 in
1132 738 1289 775 civitate
1321 741 1551 788 Jerusalem,

246 797 456 832 innitentes
497 795 560 832 hic
594 804 798 831 manentes
844 793 988 832 civitati
1040 797 1257 832 secundum
1310 806 1550 845 potestatem

194 868 232 890 10
246 854 410 903 civilem,
444 853 533 901 paci
566 853 644 890 vise
677 852 905 900 sophistice,
958 862 1168 901 querentes
1210 855 1439 903 pompatice
1492 856 1555 891 ubi

247 919 301 948 est
332 912 396 959 qui
420 918 531 947 natus
582 918 638 947 est
689 923 764 946 rex
792 911 1004 947 Judeorum
1038 912 1159 949 Math.
1194 912 1239 958 II,
1280 922 1316 951 2.
1370 914 1447 949 Sed
1479 915 1552 948 uti-

126 973 202 1018 ¹59¹*
246 982 338 1006 nam
367 967 373 1018 Ι
402 969 507 1004 iuxta
552 968 785 1016 religionem
832 981 1040 1016 magorum
1093 969 1298 1016 gentilium
1333 971 1552 1007 deferentes

245 1025 441 1063 civitatem
477 1025 628 1062 civilem
662 1034 832 1074 querant
855 1027 1052 1062 Christum
1087 1039 1304 1074 pauperem
1337 1029 1375 1063 in
1407 1029 1553 1076 oppido

245 1086 387 1120 domus
420 1084 548 1132 panis,
581 1083 790 1120 offerentes
822 1086 854 1120 ei
887 1097 1027 1120 aurum
1068 1084 1281 1132 sapiencie,
1324 1085 1552 1133 profitendo

192 1144 462 1181 15secundum
497 1141 684 1177 deitatem
721 1141 803 1177 eius
835 1141 1075 1189 sapienciam
1109 1144 1342 1190 increatam,
1377 1145 1552 1179 secundo

246 1202 405 1236 mirram
453 1199 631 1236 mortalis
663 1198 906 1236 infirmitatis
946 1208 983 1235 et
1020 1199 1154 1247 inopie
1196 1202 1415 1237 secundum
1470 1200 1552 1237 eius

245 1257 549 1306 humanitatem,
598 1265 635 1293 et
656 1256 780 1293 tercio
822 1269 866 1293 ex
906 1258 971 1292 illa
1014 1257 1161 1294 unione
1198 1258 1421 1306 ypostatica
1462 1260 1553 1295 thus

244 1315 503 1352 sacerdotalis
538 1314 735 1351 oracionis
764 1323 801 1350 et
844 1314 973 1351 meriti
1002 1316 1220 1351 secundum
1255 1318 1363 1364 quod
1396 1317 1552 1353 redem-

244 1373 272 1410 it
303 1372 566 1410 satisfactorie
599 1385 722 1420 genus
754 1385 889 1420 suum3
922 1381 1016 1409 tunc
1056 1373 1161 1409 enim
1195 1386 1276 1409 non
1308 1374 1551 1411 solveremus

189 1446 228 1466 20
245 1432 443 1467 Christum
482 1439 525 1466 ut
577 1429 738 1466 heretici
781 1431 849 1465 sed
889 1431 1172 1467 confiteremur
1211 1443 1300 1467 eum
1354 1433 1470 1467 simul
1512 1432 1551 1468 in

242 1502 365 1524 unum
389 1488 629 1525 ditissimum
654 1496 772 1536 atque
814 1488 1108 1537 pauperimum,
1150 1501 1230 1525 non
1254 1490 1381 1525 solum
1418 1502 1549 1537 regem

244 1546 456 1583 carnaliter
486 1547 703 1582 Judeorum
750 1547 819 1582 sed
870 1546 1050 1581 omnium
1093 1547 1222 1594 ipsum
1268 1547 1549 1583 confitencium

243 1617 321 1653 quo
365 1603 626 1652 spiritualiter
669 1611 759 1639 sunt
802 1604 926 1640 Judei.
980 1605 1089 1640 Absit
1133 1603 1390 1640 christianum
1427 1607 1552 1641 cecari

243 1663 317 1699 hoc
361 1663 451 1698 fuco
496 1662 728 1709 sophistico:
775 1660 953 1697 Christus
986 1661 1058 1697 fuit
1089 1662 1274 1698 continue
1319 1674 1382 1698 rex
1434 1664 1552 1699 Jude-

187 1724 225 1756 25
242 1733 356 1756 orum
403 1721 621 1755 secundum
669 1719 971 1769 humanitatem,
1029 1731 1122 1767 ergo
1166 1732 1245 1756 non
1290 1720 1363 1756 fuit
1413 1733 1551 1757 secun-

243 1779 336 1813 dum
370 1777 660 1813 humanitatem
694 1788 859 1824 pauper,
914 1789 1058 1824 egenus
1110 1786 1148 1814 et
1191 1777 1306 1825 inops
1350 1778 1410 1813 vel
1443 1790 1550 1814 men-

243 1835 365 1872 dicus.
419 1837 461 1870 In
498 1835 640 1870 talibus
670 1833 904 1870 cecitatibus
949 1836 1095 1870 cadunt
1130 1834 1303 1878 heretici,
1334 1836 1381 1871 de
1404 1835 1549 1883 quibus

243 1893 387 1929 dicitur
409 1893 436 1928 I.
460 1893 545 1928 Joh.
564 1892 612 1927 IV
636 1904 658 1940 3
694 1892 802 1939 quod
825 1893 981 1929 solvunt
996 1894 1143 1938 Jesum,
1178 1893 1252 1929 hoc
1286 1902 1355 1938 est,
1402 1902 1549 1940 negant

242 1950 534 1986 humanitatem
569 1957 607 1985 et
639 1949 827 1985 deitatem
874 1949 993 1985 simul
1025 1950 1063 1986 in
1098 1951 1236 1986 eadem
1267 1963 1449 1998 persona,
1484 1953 1549 1999 qui

185 2013 226 2045 30
241 2020 380 2044 omnes
412 2016 502 2043 sunt
534 2010 701 2055 ipsemet
732 2008 1010 2044 Antichristus.

176 2070 201 2100 L
283 2065 523 2113 Suppositis
555 2063 674 2112 igitur
705 2064 786 2101 istis
820 2067 867 2101 de
908 2066 1160 2102 mendicitate
1192 2065 1348 2101 videtur
1379 2066 1547 2102 ulterius
1620 2075 1709 2113 Sin-ce
1730 2077 1779 2120 the

241 2124 348 2171 quod
382 2123 507 2170 magis
551 2123 739 2170 pudenda
772 2131 809 2158 et
842 2123 1079 2159 miserabilis
1117 2123 1166 2159 sit
1201 2123 1435 2159 mendicitas
1467 2124 1548 2171 lay·
1569 2114 1777 2171 fflilffssssfjttign
1800 2146 1826 2172 is

240 2193 377 2217 corum
403 2194 521 2228 quam
556 2179 790 2216 mendicitas
821 2181 1070 2226 clericorum,
1106 2194 1151 2216 eo
1182 2183 1288 2228 quod
1321 2181 1421 2228 layci
1462 2194 1547 2217 ero·
1588 2178 1807 2241 tlssffegssgsntllgffi

240 2247 333 2285 gant
378 2238 531 2274 clericis
577 2238 813 2286 corporalia,
847 2247 889 2274 ut
921 2238 993 2286 ipsi
1027 2241 1078 2274 eis
1111 2240 1279 2274 reddant
1312 2239 1545 2285 spiritualia,
1592 2247 1628 2273 he
1649 2222 1805 2286 mist-not
1836 2286 1839 2288 q

183 2295 397 2343 35utrique
444 2295 722 2332 ministratorie
768 2296 912 2332 dabitis
958 2298 1097 2332 Deum.
1158 2296 1285 2332 Maior
1328 2295 1445 2343 igitur
1490 2281 1837 2353 estdessiyeabneghgiimngelt

125 2356 200 2400 169b
240 2353 399 2401 egencia
434 2362 470 2389 et
503 2353 656 2401 dignior
690 2353 934 2389 ministracio
963 2351 967 2406 Ι
997 2353 1264 2402 spiritualium
1305 2366 1424 2401 quam
1461 2366 1545 2389 cor-
1596 2354 1788 2413 Πίξὲξξὲιξὲζ

179 2410 182 2413 “
239 2411 452 2458 poralium,
487 2420 524 2447 et
556 2411 649 2459 quia
681 2413 786 2447 bona
820 2411 1046 2447 mendicata
1069 2420 1158 2447 sunt
1182 2411 1339 2448 cariora
1363 2420 1399 2447 et
1422 2413 1547 2447 maior

240 2469 505 2505 mendicantis
545 2469 726 2517 penuria,
766 2477 875 2517 patet
914 2470 1023 2517 quod
1056 2468 1184 2505 maior
1222 2478 1279 2505 est
1313 2468 1545 2505 mendicitas

306 2613 332 2641 8.
353 2612 533 2641 Jerusalem.
555 2614 700 2649 Sequitur
719 2619 817 2642 textus
838 2614 925 2649 quasi
945 2618 1028 2641 totus
1049 2619 1232 2649 corruptus:
1253 2614 1416 2641 innitentes
1442 2614 1472 2640 in
1498 2614 1548 2640 hic

237 2651 394 2675 manentes
437 2649 560 2676 civitate
602 2650 766 2676 secundum
804 2651 986 2684 potestatem
1018 2649 1135 2676 civilem
1161 2649 1237 2683 paci
1270 2649 1332 2675 vise
1368 2648 1544 2683 sophistice.

237 2682 399 2744 {gruiogsti
421 2683 608 2719 confitemur.
707 2683 753 2717 34.
775 2683 869 2711 Cod.:
892 2688 918 2710 et
944 2688 1041 2710 textus
1069 2687 1354 2717 supramemoratus
1374 2683 1448 2710 satis
1474 2683 1545 2710 obs-

306 2808 337 2838 4.
364 2801 409 2833 St.
437 2800 626 2832 Bernhardi
655 2802 744 2843 Opp.
773 2811 849 2845 pag.
879 2800 954 2832 281.
1067 2812 1097 2845 9.
1125 2800 1228 2832 Hebr.
1254 2801 1340 2844 XIII,
1372 2812 1421 2843 14.

1335 2856 1406 2903 27*
