2050 3292
263 579 398 615 Thougli
421 579 464 606 siu
489 579 513 606 is

292 615 390 642 useful
414 615 481 641 God

258 649 333 676 does
354 654 407 676 not
428 657 518 675 cause

264 684 285 711 it
305 692 339 711 οι·
360 684 419 711 will
441 683 463 710 it
484 688 513 710 to

367 719 411 746 bc.

280 2091 370 2118 What
392 2092 440 2118 the
461 2091 505 2118 siu

276 2131 307 2152 05
328 2126 428 2152 Adam
451 2127 508 2152 and

259 2160 321 2187 [ξω
343 2169 422 2193 xxasg
446 2162 531 2195 pride

311 2203 346 2222 or
365 2196 477 2230 grecd}

960 231 1017 262 DE
1048 230 1182 261 civim
1210 229 1421 261 DOMINIO.
1622 215 1728 272 [CAP.
1751 225 1848 253 xxv.

540 346 691 376 asserta
734 336 898 385 intelligi
944 335 1147 373 transitive
1192 344 1235 371 ut
1268 334 1373 371 dicat
1405 335 1580 371 subiecto
1621 335 1758 371 deesse
1790 335 1850 370 vel

539 397 709 433 deficere
742 403 967 443 peccatum,
1025 395 1132 442 quod
1179 395 1221 430 fit
1265 393 1427 441 quando
1471 391 1693 429 subiectum
1742 400 1850 428 caret

539 463 725 502 peccat03
760 461 797 489 et
829 452 884 489 sic
917 453 968 488 ad
1000 460 1215 500 utrumque
1248 463 1406 487 sensum
1442 458 1499 486 est
1519 449 1617 486 utile
1641 457 1847 498 peecatum

540 513 675 548 deesse
709 510 788 547 sive
821 510 1005 548 deficere.

599 571 674 606 Sed
707 568 799 605 licet
832 567 880 605 sit
912 567 1008 604 utile
1041 568 1147 615 quod
1182 566 1269 615 quis
1299 574 1449 614 peccet,
1483 573 1616 602 tamen
1640 567 1745 602 Deus
1769 577 1848 601 non

540 627 620 663 vult
665 639 737 663 nec
782 625 875 662 facit
921 626 1029 673 quod
1075 633 1213 672 peccet
1257 625 1324 661 sed
1370 623 1463 659 facit
1508 622 1604 659 illud
1643 623 1850 670 expediens

541 686 648 732 quod
702 684 792 720 inde
844 683 1038 731 sequitur,
1093 690 1129 718 et
1180 682 1235 719 sic
1280 693 1352 717 nec
1398 684 1504 717 Deus
1549 693 1621 717 nec
1669 680 1850 717 raciones

540 743 784 790 exemplares
816 741 854 777 in
889 743 972 778 Deo
1007 749 1171 777 causant
1215 748 1439 787 peccatum,
1485 751 1572 774 cum
1620 739 1750 774 nullas
1783 739 1851 774 ha-

542 802 650 842 beat;
695 812 767 836 nec
812 799 968 835 videtur
1012 799 1119 846 quod
1168 797 1354 833 veritates
1399 806 1533 833 eterne
1578 804 1619 832 ut
1664 795 1850 832 futui-icio

541 857 709 906 peccati,
743 856 989 905 possibilitas
1022 857 1136 904 loyca
1160 857 1210 892 ad
1232 856 1482 903 peccandum
1508 862 1545 890 et
1566 854 1644 890 alie
1666 855 1851 891 veritates

541 915 768 952 consimiles
814 923 978 951 causant
1021 922 1240 962 peccatum,
1286 926 1374 949 cum
1413 915 1517 948 Deus
1561 924 1641 948 non
1686 911 1852 960 requirit

541 973 646 1021 ipsas
679 983 719 1009 ut
753 974 875 1009 homo
909 981 1059 1020 peccet,
1105 973 1171 1007 sed
1217 973 1317 1007 bene
1357 979 1494 1007 causat
1528 982 1614 1006 cum
1651 972 1735 1006 Deo
1769 981 1852 1006 esse

541 1032 761 1068 secundum
807 1030 975 1079 peccati.
1027 1032 1174 1066 Verum
1218 1038 1353 1065 tamen
1387 1037 1531 1064 natura
1563 1027 1771 1075 culpabilis
1816 1036 1853 1063 et

541 1089 677 1126 omnia
712 1090 793 1125 eius
838 1088 1071 1125 accidencia
1114 1100 1191 1136 que
1223 1087 1363 1131 inficit,
1396 1095 1438 1122 ut
1470 1085 1650 1134 pronitas
1684 1087 1732 1122 ad
1764 1097 1853 1133 pec-

542 1149 727 1195 candum,
772 1146 1026 1195 peccabilitas
1072 1154 1108 1182 et
1151 1145 1297 1182 similia
1342 1146 1502 1181 fuerunt
1548 1156 1666 1180 causa
1699 1142 1853 1191 peccati

542 1218 623 1242 non
670 1208 787 1250 Deus,
837 1204 931 1253 quia
975 1213 1068 1240 tunc
1112 1212 1246 1252 posset
1291 1202 1506 1239 licenciare
1551 1201 1757 1237 hominem
1804 1202 1854 1237 ad

542 1265 791 1311 peccandum
838 1272 875 1299 et
919 1262 1150 1299 beatificare
1196 1274 1284 1298 cum
1331 1260 1424 1309 quia
1469 1259 1660 1307 peccavit.
1712 1258 1854 1296 Mereri

543 1321 705 1369 quidem
751 1329 882 1368 potest
927 1322 1047 1356 homo
1092 1320 1132 1356 in
1176 1319 1384 1355 serviendo
1418 1320 1501 1353 Deo
1546 1326 1584 1354 et
1624 1317 1705 1353 eius
1739 1318 1856 1354 bene-

542 1379 734 1427 placitum
760 1376 1034 1426 adimplendo.
1069 1376 1252 1414 l)imissis
1275 1385 1406 1413 autem
1433 1375 1517 1411 istis
1540 1374 1685 1411 dicitur
1707 1383 1857 1410 utrum-

543 1449 619 1485 que
652 1445 859 1484 parentem
894 1448 1078 1484 gravasse
1111 1444 1321 1484 peccatum
1368 1433 1408 1470 in
1447 1435 1522 1470 hoc
1555 1434 1662 1481 quod
1696 1433 1854 1481 culpam

543 1508 656 1532 suam
690 1494 892 1531 nitebatur
924 1494 964 1530 in
992 1496 1119 1530 Deum
1156 1501 1399 1541 retorquere,
1445 1491 1538 1539 quia
1572 1494 1676 1527 Deus
1710 1490 1857 1527 creavit

544 1565 609 1590 cos
642 1552 788 1589 liberos
823 1561 859 1589 et
892 1561 1075 1600 potentes
1108 1553 1157 1588 ad
1191 1551 1454 1587 resistendum
1490 1558 1656 1598 peccato
1695 1548 1857 1585 cuilibet

544 1619 580 1647 et
622 1610 883 1658 temptacioni
928 1609 1089 1646 cuilibet
1133 1611 1179 1646 ad
1211 1606 1214 1661 ᾗ
1244 1610 1320 1645 hoc
1364 1608 1488 1654 facto;
1533 1620 1610 1644 non
1652 1606 1756 1642 enim
1790 1619 1857 1642 ne-

545 1668 703 1705 cessitat
735 1671 841 1705 Deus
874 1667 1077 1704 hominem
1113 1669 1161 1704 ad
1199 1667 1446 1715 peccandum
1486 1678 1559 1701 nec
1592 1664 1715 1701 voluit
1748 1665 1856 1712 quod

544 1726 709 1763 serviret
740 1726 814 1763 sibi
848 1727 1070 1763 secundum
1097 1725 1300 1762 racionem
1325 1737 1403 1772 qua
1428 1732 1580 1770 peccat,
1616 1723 1709 1759 licet
1732 1722 1857 1758 voluit

545 1786 651 1832 quod
696 1785 900 1832 peccando
944 1784 1107 1820 serviret
1151 1782 1226 1819 sibi
1266 1782 1459 1830 paciendo
1505 1782 1612 1829 quod
1652 1780 1788 1816 debuit
1821 1789 1858 1816 et

546 1843 728 1890 peccanti
751 1851 870 1890 atque
894 1841 1058 1878 ecclesie
1082 1841 1365 1889 prodessendO.
1388 1841 1556 1887 Oportet
1576 1840 1679 1874 enim
1696 1850 1855 1875 omnem

545 1900 749 1937 hominem
795 1900 942 1936 servire
975 1902 1059 1936 Deo
1104 1900 1162 1935 vel
1207 1899 1363 1946 agendo
1405 1898 1465 1933 vel
1510 1896 1708 1944 paciendo
1748 1897 1857 1944 quod

547 1960 663 1994 debet
707 1959 774 1994 sed
819 1971 900 1994 non
943 1958 983 1994 in
1016 1966 1211 2006 quantum
1246 1964 1396 2004 peccat,
1442 1954 1534 1990 licet
1579 1967 1624 1991 eo
1658 1954 1743 2001 ipso
1777 1967 1857 2002 quo

547 2025 685 2063 peccat
717 2018 937 2052 secundum
973 2015 1174 2051 racionem
1210 2015 1326 2050 aliam
1361 2013 1479 2049 servit
1512 2015 1608 2049 Deo.

605 2075 681 2110 Sed
715 2082 860 2122 quarto
893 2074 1060 2109 ulterius
1094 2072 1311 2118 dubitatur,
1346 2071 1434 2119 quis
1467 2070 1534 2105 fiat
1568 2069 1722 2117 primus
1745 2077 1857 2105 actus

548 2131 700 2179 peccati
746 2132 784 2167 in
830 2144 909 2179 quo
943 2133 1071 2167 Adam
1106 2132 1164 2167 vel
1199 2132 1278 2166 Eva
1324 2137 1576 2177 peccaveram
1623 2129 1671 2163 ab
1705 2126 1857 2164 actibus

548 2190 651 2225 enim
676 2199 888 2226 sumuntur
911 2189 1061 2236 species
1086 2197 1358 2236 peccatorum,
1393 2195 1429 2222 et
1455 2185 1610 2222 videtur
1632 2185 1854 2233 sapientem

549 2247 679 2284 dicere
704 2247 824 2283 Eccli.
848 2249 893 2297 X,
924 2258 969 2295 15
1005 2248 1110 2294 quod
1147 2246 1195 2281 sit
1229 2254 1342 2282 actus
1375 2243 1649 2292 superbiendi:
1684 2243 1858 2283 Inicz'um,

549 2305 688 2355 inquit,
717 2306 869 2354 peccati
889 2305 1010 2340 ominis
1033 2313 1087 2340 est
1114 2304 1309 2353 superbia,
1342 2304 1408 2338 sed
1442 2302 1598 2337 videtur
1622 2301 1855 2348 Apostolum

550 2363 802 2402 1.T11im.V1,
826 2375 876 2406 10
912 2362 1042 2399 dicere
1066 2361 1174 2410 quod
1206 2361 1255 2397 sit
1287 2360 1503 2408 cupiditas:
1538 2359 1683 2401 Radix,
1717 2358 1857 2406 inquit,

548 2421 738 2470 cupiditas
770 2429 825 2457 est
858 2421 1024 2456 onmium
1059 2421 1266 2456 malorum.
1319 2420 1607 2454 Verumtamen
1640 2425 1729 2453 ante
1762 2416 1858 2452 istos

549 2488 657 2515 actus
690 2478 912 2527 peccabiles
947 2488 1003 2515 est
1036 2477 1251 2525 apostasia,
1297 2489 1373 2524 que
1407 2484 1463 2512 est
1496 2488 1518 2511 a
1550 2476 1656 2511 bono
1690 2473 1857 2520 aversio,

550 2549 669 2584 quam
694 2545 855 2584 oportet
879 2536 961 2572 fieri
985 2535 1201 2573 omissione
1225 2537 1308 2570 Deo
1339 2533 1467 2570 debite
1500 2531 1729 2569 adherendi.
1764 2532 1858 2567 Ideo

1871 869 1909 890 10

1874 1146 1910 1178 15

1873 1447 1914 1467 20

1896 1611 1959 1642 233

1875 2015 1916 2046 30

550 2594 669 2633 Eccli.
700 2596 745 2640 X,
775 2606 823 2642 14
868 2594 979 2642 prius
1023 2593 1166 2630 dicitur
1210 2592 1362 2628 inicium
1397 2591 1572 2640 superbie
1610 2589 1773 2625 hominis
1805 2597 1860 2625 est
1874 2602 1918 2632 -4o

549 2659 772 2702 apostatare
802 2664 825 2688 a
859 2653 964 2697 De0,·
997 2659 1033 2688 et
1064 2651 1138 2688 ista
1170 2658 1335 2687 vocatur
1368 2661 1436 2697 pes
1468 2647 1666 2696 superbie.
1700 2647 1858 2683 Psalmo

620 2840 666 2877 39.
689 2841 785 2870 Cod.:
804 2842 995 2870 adherendo⁴
