2050 3292
237 239 317 286 4-18
955 243 1015 274 DE
1043 242 1179 274 ClVILI
1207 243 1418 275 DOMINIO.
1635 233 1744 286 [CAP.
1772 242 1837 270 XX.

528 351 623 400 quia
655 362 747 398 sepe
780 348 954 386 ostendit
985 361 1098 385 suam
1132 348 1311 397 inopiam
1346 351 1395 386 ad
1429 350 1533 386 hunc
1566 350 1701 389 finem.
1750 350 1838 387 Fuit

528 410 633 446 enim
666 420 811 458 egenus
843 415 878 443 et
909 407 1028 456 inops,
1061 416 1103 442 ut
1136 406 1233 443 dicit
1256 416 1416 444 sanctus
1436 409 1652 456 Apostolus
1676 410 1720 445 ΙΙ.
1745 409 1835 447 Cor.

526 469 625 513 viil,
657 478 694 515 9,
741 474 777 502 et
820 464 1058 501 elemosinas
1091 464 1245 512 accepit
1281 478 1303 501 a
1341 465 1488 502 sanctis
1528 466 1759 503 mulieribus
1792 479 1837 503 ac

527 525 614 561 aliis
647 523 800 560 devotis
831 522 1036 568 fidelibus3
1083 531 1119 559 et
1158 522 1275 558 istam
1314 523 1452 560 vocavi
1493 524 1837 561 mendicacionem

528 581 781 618 innuitivam.
822 582 890 617 Est
922 579 1027 616 enim
1063 581 1220 616 innuere
1251 589 1393 617 nutum
1426 582 1487 618 vel
1520 581 1676 630 signum
1712 581 1874 618 facere5

527 641 587 677 vel
628 641 721 676 dare
760 638 926 686 intelligi
956 635 961 690 1
990 640 1196 686 quomodo
1234 638 1412 686 loquitur
1451 639 1650 688 scriptura
1690 641 1796 676 Luce
1829 642 1841 676 I
1892 638 1953 671 158

529 707 565 735 et
596 699 629 733 V
661 696 847 745 capitulis
891 705 929 732 et
969 697 1057 735 Joh.
1093 697 1199 742 X1113
1246 708 1335 732 cum
1380 696 1501 744 igitur
1545 697 1680 734 multis
1726 698 1843 745 signis

529 755 638 792 dedit
669 754 835 803 intelligi
869 754 977 802 quod
1010 753 1084 790 fuit
1116 765 1262 801 egenus
1296 763 1333 790 et
1365 753 1481 802 inops
1514 764 1558 791 ut
1587 755 1841 800 relevaretur,

529 822 639 862 patet
671 814 780 861 quod
811 811 1001 849 innuitive
1034 811 1285 850 mendicavit,
1318 814 1365 848 Et
1396 811 1466 848 tali
1506 812 1695 850 oracione
1728 815 1844 850 docet

529 872 747 920 Apostolus
770 872 797 909 Ι.
820 872 958 907 Thess.
977 871 1025 916 V,
1056 880 1100 920 17
1135 870 1216 906 sine
1237 868 1521 906 intermissione
1543 883 1674 917 orare,
1706 880 1750 908 ut
1782 884 1844 908 ex·
1865 882 1902 902 10

531 938 686 979 ponunt
717 928 844 965 sancti
877 927 1146 965 concorditer.
1178 928 1247 963 Ille
1277 927 1382 964 enim
1408 927 1597 966 continue
1620 930 1720 966 bene
1743 940 1843 977 orat,

269 995 364 1027 vocal,
386 993 488 1033 wliich
532 987 600 1037 qui
634 987 825 1024 continue
857 988 957 1022 bene
989 985 1096 1025 vivit.
1148 985 1398 1022 Mendicacio
1437 995 1571 1023 autem
1602 989 1749 1025 vocalis
1788 998 1846 1026 est

257 1029 501 1091 mffii'jffiiffffift
533 1046 696 1094 duplex:
729 1046 790 1081 vel
821 1044 1016 1082 indirecta
1048 1044 1108 1081 vel
1141 1043 1310 1090 directa;
1344 1044 1538 1081 indirecta
1572 1048 1734 1094 quando
1757 1048 1845 1096 quis

532 1103 706 1141 insinuat
729 1116 842 1139 suam
868 1101 1141 1151 indigenciam
1165 1114 1238 1150 per
1269 1101 1505 1149 peticionem
1538 1105 1731 1150 vocalem,
1765 1119 1846 1143 non

529 1163 678 1199 directe
702 1161 969 1209 expressivam
992 1159 1236 1208 indigencie3
1270 1161 1337 1196 sed
1367 1159 1616 1207 pertinenter
1637 1162 1844 1212 implicite,
1867 1161 1903 1194 15

529 1229 572 1257 ut
617 1220 773 1256 Martha
820 1220 907 1256 Joh.
946 1220 1011 1268 XI,
1052 1228 1096 1255 21
1149 1217 1394 1254 mendicavit
1443 1218 1682 1257 insinuative
1725 1221 1846 1258 vitam

530 1277 670 1315 Lazari
700 1276 835 1313 fratris
867 1278 927 1314 sui
960 1276 1115 1313 dicens:
1154 1276 1334 1321 Domine,
1371 1276 1406 1312 si
1424 1277 1574 1325 fuisses
1606 1279 1679 1328 hic,
1710 1280 1850 1327 frater
1921 1280 1948 1311 Κ

530 1349 635 1373 meus
669 1348 740 1372 non
766 1335 914 1384 fuisset
937 1342 1125 1381 mortuus.
1160 1335 1207 1369 Et
1234 1333 1289 1369 sic
1313 1335 1429 1381 Hugo
1453 1336 1501 1371 de
1523 1345 1664 1372 sancto
1686 1337 1848 1374 Victore

529 1402 646 1431 vocat
698 1392 865 1429 terciam
918 1391 1093 1442 speciem
1140 1390 1340 1428 oracionis
1385 1392 1680 1430 insinuaci'onem
1726 1409 1847 1443 quam

529 1451 670 1488 dividit
706 1450 747 1487 in
785 1450 881 1488 tria:
926 1450 1088 1488 Directa
1119 1449 1269 1486 vocalis
1303 1449 1552 1488 mendicacio
1586 1460 1655 1496 est,
1687 1455 1848 1501 quando
1866 1463 1907 1485 20

530 1509 618 1558 quis
671 1509 821 1545 dii-ecte
873 1508 973 1558 petit
1025 1507 1278 1555 suffragium
1331 1515 1369 1543 et
1420 1517 1638 1558 utrumque
1682 1512 1847 1547 istorum

260 1586 340 1616 Eacii
363 1586 397 1613 of
414 1586 497 1612 these
532 1568 807 1604 membrorum
842 1566 1112 1604 subdividitur
1144 1565 1185 1601 in
1220 1565 1565 1604 mendicacionem
1596 1570 1848 1617 corporalem

246 1620 518 1684 Shhggievffigffitjffo
533 1635 570 1662 et
593 1624 858 1673 spiritualem.
894 1623 1167 1674 Spiritualitei-
1199 1632 1331 1659 autem
1367 1625 1644 1662 mendicamus
1668 1626 1846 1663 divinum

272 1690 409 1725 spiritual
431 1690 490 1716 and
534 1683 781 1730 suffragium,
807 1691 845 1719 et
868 1696 958 1720 cum
982 1684 1053 1718 iste
1076 1681 1272 1717 terminus
1296 1683 1401 1718 Deus
1423 1695 1503 1718 non
1527 1682 1577 1719 sit
1610 1683 1847 1729 distrahens,

300 1725 453 1760 corporal.
534 1741 714 1790 sequitur
745 1740 1002 1789 simpliciter:
1043 1741 1175 1776 Homo
1210 1748 1266 1776 est
1299 1739 1506 1776 mendicus
1539 1742 1680 1789 bonus,
1723 1743 1849 1779 malus
1867 1743 1906 1775 25

534 1800 594 1836 vel
618 1798 899 1836 alicuiusmodi
923 1799 1057 1847 quoad
1079 1799 1221 1843 Deum,
1256 1809 1350 1845 ergo
1374 1806 1431 1834 est
1453 1798 1687 1847 simpliciter
1717 1800 1851 1837 huius-

537 1857 659 1893 modi.
693 1858 810 1893 Unde
843 1856 1001 1893 videtur
1033 1855 1156 1892 michi
1190 1855 1385 1903 spirituali
1414 1852 1418 1908 ἱ
1448 1857 1752 1895 mendicacione
1784 1871 1851 1895 vo-
1894 1857 1971 1891 168⁶¹

536 1914 611 1952 cali
646 1914 890 1952 mendicavit
914 1924 996 1952 tam
1022 1913 1274 1959 insinuative‚
1310 1915 1471 1962 quando
1494 1914 1710 1952 insinuavit
1733 1929 1849 1964 egen-

536 1973 638 2009 ciam
663 1974 765 2021 patri
787 1986 860 2010 suo
882 1973 1022 2010 Matth.
1047 1972 1203 2017 XXVII,
1228 1971 1301 2020 46:
1335 1972 1443 2008 Deus
1466 1985 1584 2019 meus,
1618 1982 1658 2009 ut
1681 1975 1771 2023 quid
1793 1987 1852 2011 me

536 2030 805 2080 dereliquisti?
840 2044 960 2079 quam
986 2028 1262 2073 declamative,
1297 2030 1458 2077 quando
1473 2032 1612 2070 Matth.
1635 2033 1772 2082 XXVI,
1797 2044 1849 2083 39
1868 2035 1910 2067 30

537 2088 649 2125 dixit:
684 2089 816 2136 Pater,
849 2089 883 2125 si
919 2088 1102 2138 possibile
1146 2094 1213 2133 est,
1258 2094 1432 2123 transeat
1474 2101 1496 2123 a
1541 2101 1600 2124 me
1631 2090 1738 2126 calix·
1769 2091 1851 2127 iste.

537 2148 645 2183 Sicut
679 2146 801 2194 igitur
825 2147 1007 2183 Christus
1041 2146 1262 2181 secundum
1297 2145 1587 2182 humanitatem
1621 2147 1694 2184 fuit
1716 2160 1852 2184 servus

538 2204 609 2240 Dei
642 2213 679 2241 et
711 2213 795 2240 tota
827 2204 1005 2241 Trinitas
1047 2205 1152 2239 Deus
1186 2216 1293 2249 suus,
1339 2203 1394 2240 sic
1426 2205 1646 2241 secundum
1682 2207 1848 2243 eandem

538 2264 843 2308 humanitatem,
889 2263 1110 2299 secundum
1151 2274 1272 2309 quam
1315 2261 1388 2297 fuit
1427 2261 1608 2299 minister
1646 2272 1782 2300 noster
1812 2266 1851 2300 in

539 2321 668 2357 forma
691 2321 805 2365 servi,
829 2333 902 2369 pro
917 2319 1032 2357 nobis
1065 2319 1179 2367 inops
1213 2328 1250 2355 et
1283 2332 1429 2367 egenus
1462 2320 1505 2356 fit
1539 2321 1746 2358 mendicus
1770 2323 1852 2361 Dei.
1867 2320 1907 2355 35

539 2381 620 2414 Nec
644 2387 701 2415 est
725 2378 921 2415 abieccius
940 2390 1083 2415 vocare
1105 2390 1245 2414 omnes
1270 2377 1453 2414 homines
1481 2380 1696 2426 mendicos,
1729 2392 1849 2428 quam

254 2443 282 2470 [n
305 2444 354 2470 ilie
370 2443 525 2478 primitive
539 2448 683 2472 vocare
716 2438 821 2484 ipsos
854 2449 988 2473 servos
1020 2436 1229 2483 languidos
1262 2444 1299 2472 et
1332 2445 1544 2473 merentes.
1597 2439 1638 2473 In
1670 2446 1852 2485 tempore

299 2478 422 2505 Cliurch
444 2478 481 2504 all
542 2495 547 2501 .
1021 2495 1027 2501 .
1326 2493 1332 2499 .
1437 2495 1442 2501 .
1556 2494 1562 2500 .
1597 2494 1604 2500 .
1669 2496 1674 2502 .
1826 2497 1834 2503 .

330 2520 397 2539 men
420 2513 455 2539 of
540 2502 672 2542 itaque
705 2503 935 2531 sanctorum
968 2502 1162 2543 primitive
1196 2494 1359 2530 ecclesie
1392 2494 1462 2530 fuit
1494 2495 1696 2543 religionis
1725 2496 1852 2531 humi-

321 2547 448 2582 religion

629 2693 655 2719 7.
678 2686 773 2714 Cod.:
794 2686 895 2714 Lucae
913 2686 935 2719 I,
956 2687 1004 2714 25.
1097 2686 1140 2714 16.
1160 2685 1256 2714 Cod.:
1276 2685 1345 2714 Jolz.
1366 2686 1405 2714 X.
1491 2687 1538 2714 26.
1556 2687 1651 2714 Cod.:
1672 2686 1785 2714 Matth.
1800 2689 1853 2716 25.

541 2719 587 2747 30.
608 2720 704 2748 Cod.:
725 2729 816 2756 quam
836 2722 930 2749 deest.

616 2803 852 2882 18.8Hugonis
896 2806 944 2838 De
987 2807 1095 2837 modo
1127 2806 1261 2846 orandi,
1299 2805 1458 2848 Hugonis
1484 2806 1576 2848 Opp.
1616 2804 1686 2849 (ed.
1725 2807 1852 2848 Migne)

542 2860 620 2894 pag.
645 2862 665 2897 9
691 2862 722 2883 o.
