2050 3292
199 241 282 278 490

215 862 284 889 God
307 862 394 897 gives
415 862 451 888 all

207 898 310 933 things
331 898 360 925 in
383 898 458 925 such

212 941 353 960 measure
372 933 457 967 that‚³¹

277 968 392 1003 rightly

227 1003 431 1035 distributffl,

192 1038 279 1065 there
299 1038 325 1065 is
349 1038 471 1073 enough

272 1074 321 1101 for
344 1073 394 1100 all.

245 1392 355 1427 Plague
377 1393 437 1420 and

230 1428 348 1456 famine
369 1437 457 1455 come

245 1464 325 1491 from
346 1464 441 1491 abuse

212 1499 246 1526 of
268 1498 366 1525 God's
389 1499 472 1533 gitts.

250 1856 317 1883 The
339 1865 423 1884 more

244 1892 406 1927 sparingly
427 1900 442 1918 a

217 1934 286 1953 man
309 1927 394 1960 lives,
417 1927 466 1953 the

204 1962 478 1997 morcpleasantly.

201 2321 312 2356 Clergy
328 2321 475 2360 claim-ing

226 2360 374 2391 property
397 2364 443 2383 sm

264 2391 420 2426 mortally.

916 238 972 269 DE
1002 237 1137 270 civim
1164 238 1375 270 Domnulo.
1559 227 1669 281 [CAP.
1691 237 1798 265 xxm.

487 346 583 392 quid
629 344 755 381 credit
788 345 871 380 Deo
916 344 1004 392 plus
1045 344 1206 392 placens
1251 345 1475 394 postposito
1520 354 1627 382 metu
1661 345 1800 383 mortis

487 411 716 440 constanter
763 402 1006 450 aggreditur,
1053 401 1146 450 quia
1194 402 1267 439 scit
1312 416 1354 440 ex
1399 416 1479 440 uno
1527 405 1648 440 latere
1693 405 1801 453 quod

487 461 618 498 omnis
653 473 761 497 mors
795 462 842 496 de
875 460 1126 508 beneplacito
1159 460 1297 509 sponsi
1331 461 1404 506 sui,
1440 470 1476 497 et
1509 474 1552 498 ex
1585 460 1663 498 alio
1693 463 1802 510 quod

489 533 597 556 mors
644 528 701 555 est
745 517 1017 555 necessarium
1066 518 1242 556 medium
1283 520 1334 555 ad
1367 520 1635 556 amovendum
1669 519 1802 568 inper-

485 576 675 614 feccionis
727 575 878 613 tedium
934 575 1132 623 diligentis
1186 586 1223 613 et
1275 578 1323 613 ad
1368 578 1485 624 plane
1532 577 1801 626 copulandum

485 635 721 683 languidum
774 646 864 670 cum
918 633 1076 672 dilecto.
1144 636 1220 671 Ista
1273 643 1479 672 armatura
1522 634 1667 672 armati
1711 644 1804 672 sunt

487 693 620 730 cuncti
673 691 856 729 martires
908 700 945 727 et
997 693 1180 728 doctores
1233 705 1306 740 pro
1352 692 1581 729 defensione
1625 692 1803 729 veritatis

486 750 711 798 evangelice
745 751 1007 786 decertantes.
1058 749 1167 786 Unde
1199 749 1272 787 iste
1305 763 1420 787 amor
1453 750 1644 799 extinguit
1676 750 1716 787 in
1749 750 1803 788 eis

487 808 618 845 carnis
661 807 883 857 libidinem,
929 806 1067 843 mundi
1106 808 1332 856 voluptates
1377 818 1414 845 et
1454 808 1604 845 calidas
1642 808 1803 857 superbi

487 866 681 912 astucias;
727 865 848 902 abicit
893 864 998 901 enim
1043 878 1204 902 omnem
1253 867 1497 903 mundanam
1540 866 1709 914 gloriam
1742 867 1803 903 vel

488 923 748 961 affeccionem
794 923 1079 971 temporalium
1126 936 1198 971 pro
1233 924 1391 961 eternis.
1444 925 1560 961 Unde
1593 924 1804 961 considera

488 984 596 1031 quod
630 985 735 1018 Deus
768 983 840 1018 sub
878 990 990 1017 tanta
1036 994 1222 1019 mensura
1267 991 1457 1030 preparat
1494 984 1601 1019 bona
1632 983 1805 1032 fortune,

489 1041 756 1089 supponendo
789 1038 911 1087 capiti
944 1039 1111 1076 ecclesie
1143 1040 1366 1084 militantis,
1401 1041 1509 1088 quod
1531 1040 1562 1077 si
1585 1042 1804 1077 secundum

491 1099 672 1146 regulam
718 1097 986 1146 apostolicam
1031 1098 1307 1147 unusquisque
1355 1098 1507 1146 precise
1555 1107 1711 1135 tantum
1759 1099 1806 1134 de

491 1156 568 1192 illis
613 1156 807 1204 arriperet
852 1164 1047 1203 quantum
1082 1156 1226 1204 cuique
1257 1169 1358 1204 opus
1392 1166 1504 1201 esset,
1550 1158 1674 1194 moles
1707 1166 1806 1194 tem—

492 1213 692 1263 poralium
726 1215 842 1262 plene
875 1213 930 1249 eis
963 1214 1175 1253 sufficeret.
1227 1214 1353 1251 Aliter
1399 1214 1503 1250 enim
1537 1227 1708 1262 sponsus
1741 1215 1806 1251 de-

494 1273 629 1309 ficeret
651 1284 719 1308 sue
743 1271 907 1309 ecclesie
930 1271 1156 1308 ordinando
1180 1272 1255 1309 sibi
1278 1272 1519 1320 temporalia
1551 1273 1591 1309 in
1623 1285 1805 1319 numero,

494 1331 672 1378 pondere
704 1331 764 1366 vel
799 1342 1004 1372 mensura„

553 1390 608 1424 Ex
641 1401 720 1436 quo
751 1383 1035 1439 coniectulrat
1060 1387 1226 1424 ulterius
1260 1390 1367 1436 quod
1401 1388 1533 1425 omnis
1558 1387 1805 1437 pestilencia,

495 1447 619 1482 fames
652 1447 713 1482 vel
756 1458 859 1493 pena
904 1445 1078 1482 hominis
1112 1455 1168 1481 est
1200 1455 1364 1494 propter
1403 1448 1570 1483 abusum
1605 1455 1807 1494 tempora-

495 1504 605 1542 lium.
658 1506 758 1540 Nam
806 1502 974 1551 quisque
1022 1504 1190 1540 existens
1234 1503 1274 1539 in
1322 1504 1479 1540 mortali
1530 1506 1806 1541 consumendo

486 1564 591 1599 bona
635 1562 794 1598 fortune
839 1560 1018 1598 abutitur
1064 1561 1176 1598 bonis
1210 1561 1295 1610 Dei,
1342 1575 1431 1598 cum
1479 1575 1570 1609 ergo
1616 1575 1696 1599 non
1730 1562 1805 1598 nisi

486 1628 650 1668 propter
682 1628 891 1667 peccatum
928 1618 1119 1666 infligitur
1152 1619 1240 1656 talis
1275 1632 1389 1667 pena,
1436 1629 1545 1667 patet
1585 1620 1805 1657 conclusio.

486 1680 564 1714 Aer
607 1677 743 1725 itaque
788 1677 1072 1725 pestilencialis
1119 1686 1306 1714 causatur
1351 1690 1394 1714 ex
1439 1679 1566 1714 fetore
1612 1679 1715 1726 gule,
1763 1690 1806 1714 ex

488 1735 709 1772 infeccione
741 1735 900 1783 loquele
946 1735 1121 1783 expirate
1166 1744 1202 1771 et
1236 1735 1322 1771 aliis
1356 1735 1556 1772 discrasiis
1586 1736 1693 1772 orbis
1717 1737 1806 1772 sub·

489 1793 642 1829 lunaris
674 1793 715 1829 in
749 1793 1168 1841 proporcionabilibus
1201 1793 1347 1841 speciei
1382 1794 1569 1830 humane.

550 1852 735 1888 Secundo
770 1851 1068 1899 contemplatur
1100 1853 1208 1899 quod
1241 1864 1329 1888 cum
1369 1851 1500 1887 omnis
1532 1853 1699 1888 abutens
1734 1852 1808 1888 hiis

494 1910 782 1957 temporalibus
835 1908 1049 1945 iniuriatur
1093 1911 1177 1945 Deo
1230 1918 1267 1945 et
1312 1909 1474 1946 cuilibet
1518 1919 1711 1954 creature,
1765 1919 1807 1945 ut

494 1976 643 2004 statuat
688 1966 761 2003 sibi
796 1980 867 2014 pro
899 1968 1036 2014 regula
1071 1968 1118 2003 de
1152 1980 1281 2004 massa
1321 1967 1606 2015 temporalium
1641 1980 1717 2016 que
1750 1976 1808 2005 est

493 2027 643 2061 bonum
689 2037 904 2062 commune
949 2025 1023 2061 toti
1068 2025 1234 2061 ecclesie
1279 2024 1432 2073 precise
1475 2034 1629 2061 tanturn
1672 2025 1807 2063 stricte

494 2083 675 2131 accipere
709 2092 905 2131 quantum
940 2091 999 2119 est
1031 2082 1180 2119 iustum
1209 2084 1268 2119 vel
1300 2082 1570 2119 necessarium
1604 2085 1655 2119 ad
1688 2083 1807 2120 finem

490 2140 677 2177 ultimum
732 2141 1040 2189 adquirendum.
1096 2140 1237 2177 Omnis
1291 2141 1395 2177 enim
1450 2142 1597 2177 abusus
1657 2141 1807 2178 excedit

490 2198 690 2235 iusticiam
726 2208 763 2235 et
796 2198 851 2235 sic
885 2200 932 2235 de
966 2207 1116 2246 quanto
1150 2198 1311 2247 parcius
1333 2198 1414 2235 viat
1437 2212 1527 2235 cum
1558 2199 1807 2247 plenitudine

491 2257 681 2302 caritatis,
718 2258 764 2293 de
798 2266 910 2293 tanto
944 2255 1169 2293 iocundius.

549 2317 603 2350 Ex
636 2327 715 2362 quo
755 2315 879 2351 tercio
914 2314 1178 2362 probabiliter
1217 2314 1495 2351 coniecturant
1533 2316 1642 2363 quod
1675 2314 1806 2351 omnis
1848 2317 1860 2349 ἶ

489 2372 763 2420 nuncupative
787 2372 955 2409 clericus
978 2372 1145 2420 simplex
1178 2373 1238 2409 vel
1271 2380 1506 2420 aggregatus
1540 2372 1806 2420 approprians

490 2430 564 2467 sibi
598 2443 688 2466 cum
723 2430 791 2467 illo
826 2429 1014 2467 clericatu
1048 2438 1274 2478 pretensam
1300 2429 1625 2467 dominacionem
1651 2429 1805 2466 civilem

490 2496 631 2537 peccat
666 2488 902 2534 mortaliter,
936 2487 1039 2524 sicut
1056 2488 1182 2526 eciam
1212 2488 1342 2525 omnis
1365 2489 1486 2524 homo
1510 2500 1553 2525 ex
1575 2487 1806 2525 curiositate

491 2548 662 2583 abutens
695 2546 810 2582 bonis
844 2544 1020 2582 Domini.

550 2603 650 2640 Dico
696 2613 830 2640 autem
882 2603 1136 2652 nuncupative
1183 2603 1351 2640 clericus
1417 2613 1455 2639 et
1503 2604 1806 2640 dominacionem

490 2669 725 2711 pretensczm,
771 2662 865 2710 quia
909 2660 1016 2697 iuxta
1061 2661 1239 2709 predicta
1284 2674 1408 2709 purus
1453 2661 1621 2697 clericus
1666 2670 1709 2697 ut
1752 2660 1807 2698 sic

557 2855 580 2883 5.
603 2854 698 2882 Cod.:
719 2854 896 2889 copulandi.
974 2853 1019 2881 30.
1040 2857 1177 2888 tantum,·
1197 2854 1292 2881 Cod.:
1313 2857 1385 2881 tam.

1823 880 1862 901 10

1827 1159 1861 1191 15

1856 1388 1933 1434 “39¹³

1823 1459 1865 1480 20

1823 1738 1862 1770 25
