2050 3292
64 1548 120 1580 152

133 1384 171 1405 10

126 1960 165 1982 ’ΖΟ

127 2239 165 2272 25

419 794 749 843 CAPITULUM
785 794 1275 845 NONUMDECIMUM.

247 909 414 946 Decimo
437 922 544 946 nono
569 911 744 958 arguitur
767 910 842 947 sic:
872 911 975 958 Magi
998 911 1065 959 qui
1090 911 1317 948 obtulerunt
1340 911 1498 948 Christo
1555 920 1582 958 ᾼ
1607 919 1655 946 ain
1676 920 1699 947 it
1718 920 1766 959 isu

187 967 326 1004 infanti
374 980 539 1004 munera
586 976 699 1004 erant
742 976 820 1004 tres
860 980 968 1016 reges
1006 969 1246 1017 temporales
1288 977 1323 1004 et
1365 968 1498 1005 civiles
1516 954 1784 1024 b{{¹amte¹¹{5ss¹ffiggg

189 1025 357 1071 domini3
414 1038 486 1061 nec
542 1026 710 1061 habetur
761 1027 869 1073 quod
922 1039 1102 1074 unquam
1161 1025 1744 1085 senuneiavesumremgierieiioekyin

188 1083 348 1131 regalie‚
401 1085 469 1119 sed
522 1091 713 1131 tanquam
770 1095 880 1131 reges
935 1093 1143 1120 manentes
1188 1085 1319 1120 adhuc
1364 1067 1785 1133 iacentandliecrownffi

189 1140 356 1177 Colonie
389 1140 576 1189 regaliter
620 1141 814 1178 coronati.
861 1142 961 1177 Cum
1001 1141 1122 1189 igitur
1161 1141 1224 1177 isti
1264 1151 1343 1178 tres
1384 1154 1495 1189 reges
1548 1128 1748 1162 atssologne'

188 1208 301 1235 erant
340 1211 409 1247 per
447 1208 627 1235 sanctum
664 1200 864 1235 Thomam
904 1200 1130 1246 apostolum
1166 1198 1283 1235 Jndie
1317 1199 1495 1235 conversi

187 1265 224 1292 et
261 1269 332 1305 per
370 1269 459 1292 eum
498 1256 592 1293 facti
631 1256 808 1304 episcopi
854 1255 962 1292 missi
1007 1256 1046 1292 in
1092 1256 1290 1303 orientem
1328 1257 1368 1293 in
1408 1269 1495 1304 pre-

187 1314 435 1351 dicacionem
499 1314 704 1362 evangelii,
767 1322 810 1350 ut
872 1322 1009 1350 narrat
1054 1315 1324 1350 Crisostomus
1377 1327 1495 1362 super

186 1372 430 1408 Matthaeum
479 1381 516 1408 et
560 1372 705 1420 allegat
751 1384 840 1407 eum
874 1372 1129 1408 Bernhardus
1168 1384 1287 1419 super
1327 1371 1495 1419 epistola

186 1429 431 1477 Epiphanie:
475 1430 632 1466 videtur
677 1431 785 1477 quod
824 1438 901 1465 stat
940 1429 1106 1465 clericos
1146 1431 1292 1465 nedum
1327 1429 1494 1465 civiliter

185 1488 252 1523 sed
286 1487 473 1534 regaliter
505 1487 719 1523 dominari.
754 1489 802 1523 Et
834 1486 937 1522 idern
974 1487 1238 1522 confirmatur
1267 1499 1310 1522 ex
1334 1487 1493 1523 cronica

185 1544 279 1581 satis
312 1544 477 1593 antiqua
510 1541 675 1598 adlhuc
699 1552 930 1580 remanente
954 1544 1118 1580 Colonie
1151 1544 1190 1580 in
1214 1557 1292 1592 qua
1326 1546 1494 1580 habetur

185 1604 292 1651 quod
324 1602 388 1639 isti
420 1611 499 1638 tres
534 1614 643 1650 reges
676 1603 895 1638 fundarunt
928 1601 1046 1638 fidem
1073 1602 1221 1638 Christi
1244 1602 1283 1638 in
1307 1602 1493 1638 orientali

132 1675 160 1697 ι,
185 1660 351 1697 ecclesia
384 1668 421 1696 et
453 1661 667 1696 fundantes
701 1660 846 1696 multas
876 1659 1075 1703 ecclesias,
1111 1661 1300 1696 dotarunt
1325 1672 1389 1696 eas
1412 1660 1492 1696 suis

185 1718 330 1765 prediis
375 1726 411 1754 et
468 1717 781 1765 evangelisantes
827 1717 1029 1753 Christum
1082 1718 1259 1754 fecerunt
1297 1717 1492 1765 plurimos

184 1777 423 1812 sacerdotes.
477 1777 623 1811 Totam
662 1775 777 1811 istam
819 1774 1027 1811 historiam
1069 1783 1273 1822 gratanter
1306 1775 1489 1819 admitto,

183 1835 250 1869 sed
290 1846 332 1869 ex
373 1834 437 1869 illa
478 1833 517 1869 in
557 1833 667 1869 nullo
707 1832 886 1881 sequitur
925 1834 1032 1880 quod
1066 1832 1176 1868 licita
1210 1832 1259 1868 sit
1292 1845 1381 1868 cum
1417 1833 1492 1868 cle-

183 1892 309 1927 ricatu
356 1890 479 1927 civilis
524 1890 741 1938 possessio;
798 1902 869 1937 pro
909 1902 988 1937 quo
1028 1889 1214 1926 videntur
1255 1889 1375 1926 michi
1416 1890 1492 1926 tria

183 1949 348 1985 dicenda
387 1960 457 1996 per
494 1948 698 1984 ordinem:
743 1947 886 1995 primo⁷
927 1947 1107 1995 inquam,
1146 1960 1226 1984 non
1271 1956 1327 1983 est
1371 1947 1491 1983 miehi

182 2006 395 2042 verisimile
459 2007 567 2054 quod
613 2005 707 2041 dicti
755 2005 857 2053 magi
904 2014 1121 2052 regnarunt
1166 2005 1345 2047 civiliter,
1401 2018 1490 2041 cum
1531 2011 1602 2038 Itis
1623 2012 1755 2048 unlikcly

182 2074 373 2111 tanquam
422 2063 526 2111 magi
571 2072 607 2099 et
640 2064 833 2111 prophete
879 2062 1218 2110 contemplacioni
1258 2062 1381 2098 dediti
1429 2075 1488 2098 re·
1550 2047 1736 2115 Mtss'gitssllssfed

182 2130 323 2157 xerunt
362 2134 401 2157 se
440 2121 547 2169 ipsos
581 2130 616 2157 et
648 2121 842 2168 populum
876 2133 973 2168 pure
1007 2122 1228 2156 secundum
1262 2121 1388 2167 legem
1422 2132 1490 2156 na-
1583 2116 1696 2151 civilly,

182 2189 268 2215 ture
314 2188 350 2216 et
396 2179 627 2227 epykeyam.
672 2178 736 2215 Sic
781 2177 885 2214 enim
925 2179 996 2214 Job
1043 2186 1079 2214 et
1123 2186 1201 2213 tres
1246 2177 1365 2214 amici
1407 2177 1489 2213 eius

183 2237 277 2273 dicti
302 2246 392 2273 sunt
416 2249 437 2272 a
478 2236 710 2273 doctoribus
743 2247 826 2272 esse
859 2247 970 2282 reges
1005 2235 1072 2283 qui
1104 2234 1374 2271 verisimiliter
1407 2247 1489 2270 rex-

183 2303 297 2331 erunt
341 2307 379 2330 se
428 2302 465 2330 et
509 2294 702 2342 populum
750 2294 969 2329 secundum
1016 2294 1141 2340 Iegem
1188 2300 1343 2337 nature,
1399 2304 1488 2328 cum

185 2352 297 2388 multi
331 2360 443 2388 erant
476 2351 615 2399 populi
648 2359 739 2387 ante
770 2349 1019 2386 nativitatem
1054 2350 1094 2385 in
1129 2349 1272 2397 quibus
1304 2362 1384 2385 non
1418 2349 1488 2385 fuit

183 2409 308 2446 civilis
351 2408 550 2456 gentilitas
595 2408 839 2453 introducta,
892 2416 933 2443 ut
972 2416 1081 2455 patet
1120 2409 1166 2442 de
1207 2407 1386 2450 Hebreis,
1441 2408 1488 2442 de

183 2467 393 2513 Recabstis,
427 2465 663 2513 Bragmanis
697 2474 732 2501 et
766 2465 838 2501 sibi
871 2464 1080 2501 similibus.

252 2644 292 2663 10.
320 2636 413 2664 eod*
442 2634 633 2662 Bertrandus
657 2643 691 2661 su
716 2642 749 2662 er
774 2634 852 2667 (sic).
881 2633 927 2661 Cf.
947 2633 1160 2660 Bernhardum
1181 2633 1199 2660 l.
1221 2641 1246 2660 c.
1329 2631 1367 2660 13.
1389 2632 1485 2660 Cod.:

181 2670 223 2697 ad
242 2670 306 2698 hoc.
364 2678 404 2703 14.
432 2669 526 2697 Cod.:
549 2670 614 2703 isle,
671 2677 679 2696 1
708 2690 712 2695 .
736 2668 907 2700 Clz›-1'stu›n;
928 2675 964 2695 an
986 2667 1273 2697 christianismum?
1329 2674 1375 2701 24.
1391 2667 1485 2694 Cod.:

182 2705 356 2740 epilsayam.

258 2786 306 2808 10.
333 2776 432 2817 Opus
459 2777 543 2817 Imp.
571 2777 604 2806 in
631 2775 747 2806 Matth.
777 2776 867 2816 Opp.
895 2775 1054 2816 tom.V1,
1080 2774 1228 2807 XXVIII.
1358 2783 1407 2805 12.
1434 2772 1486 2804 Cf.

183 2826 284 2853 etiam
307 2822 505 2853 Chronicon
533 2822 790 2853 Clarevallense
816 2822 932 2862 Migne
952 2820 1148 2862 CLXXXV,
1181 2829 1277 2861 1247.

1284 2885 1351 2915 24a
