2050 3292
287 209 376 237 CAP.
397 196 509 253 xxv]
761 208 893 239 LissssR
919 206 1128 238 TERTius.

288 324 613 353 momentaneum
653 313 953 361 superadditum
1000 311 1253 360 suspenditur
1298 324 1317 347 a
1354 311 1491 346 merito
1531 323 1593 347 ac-

286 374 404 419 tuali3
438 382 474 409 et
506 373 867 419 correspondentes
899 383 941 406 ex
975 370 1163 417 opposito
1197 377 1404 416 peccatum
1437 368 1592 415 presciti

287 432 550 479 suspenditur,
603 443 690 465 cum
739 429 900 464 actualis
945 427 1120 463 criminis
1166 428 1272 462 racio
1307 435 1362 462 est
1397 427 1521 473 sopra
1558 435 1594 461 et

287 489 395 525 racio
435 487 563 523 meriti
609 487 877 522 momentanei
922 487 1167 530 introducta3
1215 484 1415 520 habituale
1461 492 1594 519 tamen

255 546 471 583 §meritum
507 545 586 581 sive
620 544 854 580 demeritum
892 552 1024 578 manet
1058 543 1253 578 continue.
1304 543 1349 576 Et
1384 554 1454 588 pro
1489 541 1594 576 dicto

286 603 492 651 Augustini
516 604 732 638 notandum
759 602 865 649 quod
890 600 1097 647 dupliciter
1121 598 1269 646 aliquid
1295 608 1350 634 est
1371 598 1593 646 expediens,

286 662 434 698 scilicet
455 673 525 709 per
548 672 587 696 se
612 668 647 695 et
672 660 817 694 directe
841 667 882 694 ut
906 670 1026 705 opera
1050 659 1222 693 virtuosa
1245 666 1280 692 et
1308 669 1377 704 per
1410 655 1594 692 accidens

286 732 331 755 ac
364 720 555 755 indirecte
589 726 630 753 ut
663 725 871 764 peccatum
907 725 942 751 et
967 715 1042 751 alia
1068 715 1172 750 mala
1198 715 1328 752 moris.
1364 716 1410 749 Et
1432 722 1595 761 propter

286 777 403 813 talem
439 774 732 823 expedienciam
767 787 846 810 non
871 781 1029 820 oportet
1062 773 1213 809 crimen
1246 771 1330 808 tolli
1366 784 1456 807 cum
1492 771 1595 806 mala

234 835 514 882 ioexpediunt3
567 834 636 870 sed
679 831 799 868 virtus
852 832 952 867 foret
996 840 1090 866 tunc
1134 830 1279 865 vicium
1326 838 1362 864 et
1412 830 1594 864 meritum

287 892 459 928 hominis
484 892 583 927 foret
608 891 857 931 demeritum,
894 889 983 924 ideo
1008 889 1149 924 dicitur
1173 888 1278 935 quod
1303 886 1595 934 predestinatus

287 949 522 986 criminosus
546 950 784 991 demeretur⁷
819 947 886 983 sed
910 948 1051 982 virtute
1084 945 1214 993 gracie
1238 944 1594 992 predestinacionis

166 1015 243 1051 240⁰
285 1008 380 1043 illud
413 1014 622 1055 peccatum
669 1013 724 1040 est
754 1001 757 1057 j
787 1004 1091 1040 occasionaliter
1123 1003 1196 1038 sibi
1230 1001 1451 1049 expediens,
1486 1003 1595 1036 sicud

287 1065 480 1113 prescitus
526 1071 700 1100 meretur
745 1064 812 1098 sed
845 1063 1056 1098 occasione
1090 1060 1241 1108 peccati
1284 1059 1411 1095 finalis
1445 1059 1595 1106 inpeni-

235 1122 416 1159 15te11cie
451 1122 634 1158 meritum
668 1120 764 1155 illud
797 1128 925 1164 nocet,
972 1127 1248 1154 verumtamen
1283 1117 1436 1165 peccati
1471 1117 1595 1152 conti-

287 1181 429 1216 nuacio
463 1180 548 1227 plus
580 1187 754 1215 noceret.

344 1239 421 1274 Sed
467 1238 589 1273 tercio
634 1235 802 1272 obicitur
847 1244 984 1271 contra
1017 1233 1242 1270 vicesimam
1286 1241 1469 1280 quartam
1504 1244 1594 1279 que-

285 1297 454 1332 stionem
495 1294 658 1342 capituli
696 1292 863 1341 proximi
903 1305 977 1340 qua
1024 1292 1165 1327 dicitur
1204 1292 1310 1338 quod
1344 1290 1474 1326 nullus
1509 1301 1595 1336 pre-

285 1353 407 1389 scitus
453 1361 625 1388 meretur
671 1351 972 1397 beatitudinem,
1018 1362 1089 1385 nec
1122 1348 1264 1396 aliquis
1305 1349 1594 1396 predestinatus

232 1426 272 1446 20
288 1410 636 1458 dampnacionem,
682 1422 773 1444 nam
821 1421 913 1443 runc
947 1409 1075 1443 nullus
1110 1407 1400 1454 predestinatus
1434 1406 1596 1441 haberet

288 1477 493 1516 peccatum
528 1467 737 1515 originale,
784 1479 872 1502 cum
920 1466 1168 1501 salvarentur
1206 1463 1432 1500 necessario
1466 1463 1594 1499 eciam

288 1526 370 1563 sine
404 1525 617 1573 baptismo.
652 1537 724 1560 nec
758 1524 947 1571 originale
982 1522 1139 1570 presciti
1168 1522 1407 1569 baptismate
1432 1521 1595 1565 deletur,

289 1597 375 1620 cum
416 1583 465 1620 sit
505 1582 702 1618 infinitum
744 1582 901 1629 gravius
941 1593 1059 1628 quam
1096 1579 1289 1627 originale
1322 1577 1595 1626 predestinati.

346 1641 551 1686 Similiter,
585 1649 680 1676 tunc
710 1640 916 1675 tolleretur
939 1638 1141 1675 absolucio
1166 1646 1201 1673 et
1226 1636 1378 1684 peccati
1402 1635 1596 1674 remissio,

234 1704 272 1735 25
290 1712 377 1735 cum
412 1711 530 1735 omne
564 1707 770 1745 peccatum
807 1696 1067 1745 predestinati
1107 1695 1155 1731 sit
1187 1706 1257 1742 per
1290 1706 1329 1730 se
1363 1693 1597 1729 remissibile

290 1766 326 1793 et
359 1769 477 1792 nemo
510 1756 583 1792 scit
617 1765 749 1791 utrum
793 1755 861 1791 tali
908 1766 1045 1790 amore
1078 1754 1136 1788 vel
1181 1753 1271 1788 odio
1305 1751 1354 1788 sit
1387 1751 1527 1799 dignus
1561 1760 1598 1786 et

289 1827 359 1863 per
392 1826 637 1862 consequens
670 1822 803 1849 utrum
840 1812 1008 1848 absolvit
1041 1811 1099 1847 vel
1133 1811 1362 1847 absolvitur.

347 1872 551 1922 Similiter,
585 1880 678 1907 tunc
711 1872 913 1907 tolleretur
946 1869 1150 1905 evidencia
1183 1876 1412 1904 sanctorum
1447 1868 1493 1902 de
1525 1866 1597 1901 irn-

291 1930 498 1966 mensitate
542 1929 672 1965 divine
716 1930 844 1975 gracie
878 1936 914 1963 et
947 1925 1243 1974 omnipotencie
1283 1925 1321 1960 in
1356 1923 1597 1960 remittendo

234 1994 275 2025 30
290 1996 466 2036 peccata,
501 2000 587 2023 cum
614 1999 732 2022 omne
755 1995 963 2034 peccatum
988 1984 1243 2032 predestinati
1268 1990 1426 2030 oportet
1450 1981 1597 2017 remitti

291 2048 338 2095 de
362 2045 491 2092 rigore
515 2044 676 2088 iusticie,
702 2056 746 2079 eo
771 2045 876 2091 quod
901 2046 1005 2078 Deus
1028 2054 1107 2077 non
1133 2048 1264 2089 posset
1286 2052 1358 2088 pro
1376 2039 1442 2075 illo
1459 2040 1597 2086 damp-

291 2115 385 2139 nare
408 2104 467 2138 vel
490 2103 700 2150 prescitum
725 2103 894 2146 salvare3
922 2102 1027 2148 quod
1051 2099 1204 2135 videtur
1225 2098 1434 2145 utrobique
1458 2109 1598 2133 sonare

290 2160 537 2197 blasfemiam
580 2168 616 2195 et
656 2171 874 2207 repugnare
915 2159 988 2205 legi
1028 2157 1191 2193 ecclesie
1237 2157 1283 2191 de
1324 2154 1597 2202 indulgenciis.

349 2219 421 2254 Hic
455 2216 693 2265 supponitur
725 2216 925 2253 sentencia
959 2215 1051 2250 dicti
1086 2214 1267 2262 proximo
1292 2212 1467 2260 capitulo
1492 2213 1596 2259 quod

235 2282 273 2313 1³5
292 2276 464 2323 gravitas
489 2277 756 2322 cuiuscunque
780 2274 931 2321 peccati
958 2272 1174 2309 attenditur
1200 2282 1319 2319 penes
1351 2271 1595 2306 taxacionem

172 2338 251 2378 240¹l
291 2334 462 2369 divinam
496 2332 551 2369 sic
578 2333 684 2380 quod
717 2330 1076 2379 proporcionaliter
1110 2331 1157 2365 ad
1193 2329 1275 2365 eius
1309 2326 1596 2375 grax⁷e¹tline1n

292 2391 486 2439 punietur,
521 2402 592 2425 nec
626 2398 683 2425 est
706 2389 869 2436 dignum
903 2390 987 2436 plus
1022 2389 1149 2436 puniri
1183 2399 1300 2435 quam
1328 2376 1599 2421 oeus'decre-

291 2448 402 2493 verit,
449 2447 542 2495 quia
574 2456 667 2483 tunc
700 2448 846 2495 aliquid
879 2455 980 2482 esset
1025 2446 1169 2482 iustum
1205 2445 1312 2492 quod
1352 2450 1408 2478 est
1440 2444 1598 2478 decreto

292 2506 363 2542 Dei
388 2506 644 2547 contrarium,
679 2517 766 2540 cum
791 2516 910 2540 omne
934 2505 1091 2550 dignum
1117 2503 1164 2538 sit
1187 2503 1333 2537 iustum
1359 2509 1395 2536 et
1420 2509 1596 2545 econtra,

233 2564 383 2610 401icet
415 2564 631 2599 secundum
667 2562 866 2609 disparem
902 2561 1118 2597 racionem.

350 2622 409 2656 Ad
441 2621 615 2668 primum
650 2619 794 2655 dicitur
826 2621 1007 2666 negando
1041 2617 1387 2665 consequenciam,
1422 2628 1508 2651 cum
1542 2627 1599 2650 se-

294 2680 465 2715 cundum
489 2678 725 2726 Apostolum
756 2685 960 2724 peccatum
996 2676 1151 2712 transiit
1174 2676 1211 2710 in
1236 2687 1375 2710 omnes
1400 2674 1598 2721 homines;

293 2824 316 2851 C
342 2789 390 2851 do.
412 2789 507 2849 Codi:
535 2792 578 2816 est
604 2788 697 2815 deest.
771 2795 813 2814 22.
842 2787 1034 2822 baptismale.
1063 2786 1156 2813 Cod.:
1180 2786 1360 2821 lnzplz'santc.
1433 2783 1478 2818 37.
1499 2791 1599 2818 quam.

320 2834 336 2850 ο
364 2833 387 2850 .:
408 2832 499 2859 quot.

364 2869 406 2897 De
426 2869 517 2897 Civili
538 2868 694 2897 Dominio·
720 2869 768 2896 lll.
1420 2866 1461 2902 38

1799 206 1877 244 593

1635 1239 1659 1265 lt
1679 1238 1704 1265 is
1726 1237 1863 1272 objcctcd

1714 1273 1776 1299 tbat

1623 1307 1865 1343 predestinatiou

1697 1343 1800 1369 makes

1612 1381 1800 1404 sacraments
1822 1376 1881 1402 and

1651 1419 1724 1438 even
1748 1410 1846 1439 God's

1702 1454 1791 1480 grace

1641 1481 1847 1516 superfluous.

1633 2620 1769 2655 baptism
1792 2620 1816 2646 is
1838 2628 1870 2647 as

1709 2654 1799 2681 muel]

1628 2688 1823 2724 predestined
1846 2697 1878 2715 as

1674 2724 1834 2751 salvation.
