2050 3292
243 190 331 218 cm).
352 178 477 235 xxvi]
713 193 847 224 Linea
874 193 1083 225 'marius

241 300 479 348 superfluos,
525 299 667 348 quibus
712 299 874 347 ponitur
919 301 1024 347 quod
1059 300 1237 336 Christus
1285 299 1437 347 precise
1478 301 1549 336 sub

242 358 362 406 duplo
389 358 450 394 vel
482 357 560 393 alio
593 357 893 405 proporcionali
928 357 1070 394 merito
1106 357 1334 406 meruisset3
1367 357 1461 394 satis
1494 366 1551 394 est

241 417 349 464 quod
382 423 516 463 posset
546 415 601 451 sic
625 414 775 459 fecisse,
809 414 839 450 si
863 415 1052 451 voluisset
1076 428 1195 463 quam
1226 415 1548 452 condicionatam

243 474 468 522 potenciam
519 474 703 509 doctores
736 482 880 509 vocant
919 474 1161 521 quandoque
1202 473 1443 523 potenciam,
1483 474 1551 509 sed

210 532 405 579 Sexpecto
445 531 731 578 probacionem
772 530 977 578 potestatis
1017 530 1105 566 talis
1138 530 1383 578 simpliciter.
1439 532 1550 567 Unde

123 590 203 632 24t3b
243 589 273 625 si
307 589 380 626 ista
412 588 574 636 argucia
608 597 796 633 moveret,
831 597 1065 636 sequeretur
1098 590 1202 636 quod
1238 601 1283 624 ac
1317 589 1392 624 hoc
1421 584 1424 641 Ι
1454 602 1549 636 que-

241 647 337 683 libet
381 646 578 694 particula
622 646 820 693 passionis
860 646 1007 683 Christi
1051 647 1152 682 foret
1196 647 1410 693 superflua,
1458 646 1551 693 quia

243 718 332 741 cum
366 713 448 740 tota
472 703 606 751 passio
629 703 772 740 Christi
799 703 1017 740 suffecisset
1043 717 1112 751 pro
1136 704 1331 751 quotlibet
1361 703 1550 740 universi-

241 762 388 798 tatibus
440 761 697 807 redimendis,
748 761 902 797 videtur
955 763 1063 809 quod
1111 761 1286 809 quelibet
1332 774 1423 809 pars
1471 761 1551 797 eius

190 834 226 854 10
241 819 445 867 signabilis
477 819 677 855 sufficeret
710 832 782 866 pro
815 819 931 867 plena
964 819 1248 867 redempcione
1271 819 1387 855 huius
1412 819 1551 855 mundi

241 886 277 914 et
321 877 377 914 sic
422 890 491 925 per
535 877 815 913 reduccionem
850 885 997 913 tactam
1031 876 1305 925 sophisticam,
1347 890 1438 913 cum
1472 890 1552 913 non

240 937 529 983 produceretur
562 935 661 971 alius
696 937 879 981 mundus,
927 948 1017 971 cum
1051 934 1208 982 capitur
1240 943 1346 971 totus
1381 937 1552 971 mundus

240 994 464 1039 salvandus,
498 993 677 1041 sequitur
710 994 818 1041 quod
852 993 1026 1040 quelibet
1055 1005 1146 1040 pars
1178 992 1375 1040 passionis
1405 992 1552 1029 Christi

242 1053 291 1088 ad
324 1052 399 1088 hoc
432 1052 651 1088 secundum
685 1050 801 1087 istam
837 1050 1114 1087 infidelitatem
1148 1050 1372 1098 superfluit.

190 1112 224 1143 15
300 1111 347 1145 Et
391 1121 460 1156 per
505 1110 576 1145 hec
620 1108 724 1145 dicta
769 1108 924 1156 capitur
957 1108 1019 1144 via
1052 1110 1101 1144 ad
1138 1109 1426 1145 destruendum
1462 1109 1553 1144 ficta

242 1170 289 1203 de
322 1176 519 1215 potestate
552 1179 653 1214 pape
687 1166 736 1203 ad
769 1167 1055 1202 absolvendum
1097 1180 1117 1202 a
1158 1179 1260 1214 pena
1302 1175 1338 1202 et
1378 1179 1399 1202 a
1433 1167 1552 1213 culpa

242 1238 312 1273 per
356 1225 619 1272 apostolicam
672 1233 1046 1272 super-erogatorum
1095 1224 1328 1260 meritorum
1375 1225 1425 1260 ad
1472 1237 1552 1259 ma-

242 1283 352 1320 culas
385 1282 578 1330 absoluti3
611 1283 658 1318 de
692 1283 766 1318 hoc
801 1282 907 1320 alibi.

175 1344 202 1373 D
300 1343 347 1376 Et
379 1349 487 1388 patet
520 1341 627 1388 quod
661 1340 841 1377 Christus
873 1353 951 1376 non
990 1340 1160 1376 redemit
1192 1353 1331 1376 omnes
1372 1339 1553 1376 homines

184 1412 265 1435 zoa
298 1398 592 1446 dampnacione
626 1399 675 1433 ad
709 1411 889 1446 regnum,
936 1411 1025 1434 cum
1072 1397 1187 1434 multi
1233 1407 1323 1434 sunt
1368 1397 1435 1446 qui
1473 1411 1551 1433 non

244 1465 450 1504 resurgent
482 1456 522 1492 in
555 1455 717 1505 iudicio,
751 1458 819 1492 sed
854 1458 1073 1492 manebunt
1107 1455 1146 1491 in
1176 1465 1369 1503 perpetuo
1395 1468 1552 1491 carcere

243 1522 501 1563 peccatorum
538 1526 626 1550 cum
661 1513 841 1561 prescitis
875 1526 974 1561 quos
1006 1526 1088 1550 non
1115 1513 1283 1550 redemit
1308 1515 1356 1549 ad
1382 1513 1550 1561 gloriam

243 1574 311 1608 sed
356 1581 512 1608 tantum
561 1572 797 1608 excellenter
842 1573 965 1608 bonos
1010 1571 1078 1620 qui
1111 1571 1427 1608 coniudicabunt
1460 1584 1549 1607 cum

245 1630 417 1676 Christo.
441 1639 483 1665 ut
508 1629 653 1665 dicitur
678 1631 801 1669 Math.
824 1631 922 1675 XIX,
949 1630 1020 1666 28:
1054 1629 1125 1665 Vos
1147 1630 1212 1678 qui
1232 1642 1290 1665 me
1313 1629 1401 1665 estis
1422 1629 1553 1674 secuti,

189 1688 420 1724 253edebz'tis
463 1700 580 1736 super
622 1688 731 1724 sedes
775 1688 986 1724 iudicantes
1030 1688 1228 1722 duodecim
1263 1688 1386 1722 tribus
1419 1687 1553 1731 lsrael,

244 1755 287 1781 ut
333 1745 428 1782 dicit
460 1744 684 1789 Psalmista,
731 1758 944 1795 resurgere
987 1745 1022 1780 iu
1069 1745 1206 1781 iudicio
1245 1752 1279 1780 et
1324 1745 1556 1780 excellenter

244 1805 368 1840 malos
390 1816 462 1840 non
487 1815 709 1852 resurgere,
733 1805 801 1839 sed
822 1803 1075 1839 mediocriter
1099 1805 1225 1839 bonos
1244 1812 1280 1838 et
1303 1802 1556 1838 mediocriter

246 1863 372 1898 malos
407 1861 503 1897 dicit
534 1860 704 1897 iudicari
738 1862 786 1897 ad
820 1860 1089 1897 salvacionem
1124 1861 1183 1896 vel
1217 1860 1553 1908 dampnacionem

245 1920 318 1966 sui,
363 1932 455 1956 nam
501 1918 792 1966 predestinatos
826 1918 1082 1955 mediocriter
1115 1920 1240 1954 bonos
1279 1918 1345 1966 qui
1378 1918 1557 1954 vixerunt

122 1979 200 2019 246⁶
246 1977 465 2026 plurimum
510 1976 756 2023 seculariter,
802 1977 941 2013 salvati
971 1974 975 2028 Ι
1004 1989 1074 2024 per
1118 1976 1250 2023 ignem
1293 1985 1329 2012 et
1364 1976 1556 2024 prescitos

247 2034 502 2071 mediocriter
548 2036 673 2071 malos
717 2034 783 2082 qui
829 2035 1007 2071 fecerunt
1042 2035 1164 2070 multa
1197 2036 1302 2070 bona
1335 2035 1381 2070 de
1415 2046 1557 2081 genere

247 2084 342 2129 dicit
375 2092 612 2129 sensibiliter
647 2092 827 2129 iudicari.

305 2154 361 2187 De
406 2150 489 2187 istis
534 2159 707 2198 quatuor
750 2150 962 2198 generibus
1009 2150 1101 2186 facit
1140 2150 1269 2197 glossa
1303 2149 1556 2186 mencionem

246 2222 366 2256 super
410 2209 477 2244 illo
518 2208 666 2244 Psalmi
712 2208 849 2255 primi:
885 2209 973 2244 Ideo
1018 2220 1090 2243 uon
1137 2215 1345 2258 resurgent
1384 2208 1492 2256 impii
1522 2208 1557 2242 iu

192 2267 399 2304 35iudici0.
434 2269 481 2302 Et
514 2266 669 2313 capitur
702 2266 775 2302 ista
804 2266 1006 2302 sentencia
1037 2279 1058 2302 a
1081 2267 1198 2301 beato
1222 2265 1414 2313 Gregorio
1438 2265 1557 2301 XXVI

247 2323 460 2360 Moralium
496 2336 613 2371 super
646 2323 713 2359 illo
745 2324 820 2372 Job
843 2325 1011 2369 XXXVI,
1037 2324 1079 2360 6:
1114 2323 1165 2358 Et
1192 2324 1429 2372 pauperibus
1462 2323 1557 2358 iudi-

200 2415 203 2417 .
248 2383 345 2418 cium
370 2382 514 2419 tribuit.
557 2383 654 2430 Due,
680 2381 821 2428 inquit,
850 2389 937 2417 sunt
955 2389 1090 2430 partes
1113 2381 1148 2416 iu
1172 2382 1324 2423 iudicio,
1349 2382 1557 2416 electorum

247 2440 389 2476 scilicet
420 2448 454 2475 et
487 2440 766 2488 reprohorum;
799 2448 834 2475 et
866 2449 1034 2487 utraque
1067 2438 1302 2475 altrinsecus
1337 2448 1393 2474 est
1422 2438 1558 2476 divisa.

248 2498 326 2533 Alii
346 2509 506 2545 namque
532 2497 751 2532 iudicantur
774 2505 807 2532 et
825 2505 1001 2546 pereunt,
1026 2497 1092 2532 alii
1115 2509 1204 2532 vero
1239 2509 1310 2532 nou
1343 2497 1560 2532 iudicantur

318 2608 341 2635 3.
377 2608 470 2635 Cod:
503 2607 724 2634 conditionata.
840 2616 878 2642 ¹7-
911 2608 1133 2642 apostolicam‚·
1169 2607 1282 2642 aliquot
1316 2608 1406 2634 verba
1440 2608 1558 2634 desunt.

248 2651 291 2670 22.
314 2643 407 2670 Coa:
427 2643 564 2677 presciti.

323 2702 371 2734 18.
398 2703 460 2734 Est
478 2704 526 2742 (ut
544 2703 698 2745 videtur)
723 2708 885 2733 tractatus
911 2703 952 2733 de
972 2703 1145 2733 Potestate
1164 2712 1260 2744 pape.
1360 2701 1410 2733 26.
1433 2702 1559 2733 Psalm.

249 2749 306 2791 1‚5
336 2749 468 2827 loos8e3ly
495 2749 638 2790 quoted.
736 2750 789 2789 34.
816 2748 1033 2792 Psalm.1,5.
1133 2748 1185 2781 35.
1212 2749 1257 2781 St.
1282 2749 1437 2790 Gregorii
1466 2748 1558 2790 Opp.

247 2801 320 2826 tom
348 2795 370 2838 Ι,
450 2806 478 2827 3.

1755 185 1833 234 607

1603 1358 1665 1385 Nol
1687 1357 1722 1383 all
1746 1357 1806 1383 xiil]

1618 1392 1677 1419 rise
1698 1396 1725 1418 at
1748 1393 1797 1418 the

1580 1428 1761 1461 Judgmenu
1784 1427 1833 1453 the

1594 1462 1739 1489 excellent
1760 1461 1818 1488 and

1590 1505 1661 1531 very
1684 1497 1741 1523 bad
1764 1496 1823 1522 will

1620 1532 1695 1558 have
1717 1532 1788 1557 been

1569 1566 1679 1601 iudged
1710 1565 1843 1600 already.
