<?xml version="1.0" encoding="UTF-8"?>
<!DOCTYPE html PUBLIC "-//W3C//DTD XHTML 1.0 Transitional//EN"
    "http://www.w3.org/TR/xhtml1/DTD/xhtml1-transitional.dtd">
<html xmlns="http://www.w3.org/1999/xhtml" xml:lang="en" lang="en">
 <head>
  <title>
</title>
<meta http-equiv="Content-Type" content="text/html;charset=utf-8" />
  <meta name='ocr-system' content='tesseract 3.04.00' />
  <meta name='ocr-capabilities' content='ocr_page ocr_carea ocr_par ocr_line ocrx_word'/>
</head>
<body>
  <div class='ocr_page' id='page_1' title='image "./decivilidominio04wycl_0066.png"; bbox 0 0 2050 3292; ppageno 0'>
   <div class='ocr_carea' id='block_1_1' title="bbox 235 247 317 293">
    <p class='ocr_par' dir='ltr' id='par_1_1' title="bbox 235 247 317 293">
     <span class='ocr_line' id='line_1_1' title="bbox 235 247 317 293; baseline 0 0"><span class='ocrx_word' id='word_1_1' title='bbox 235 247 317 293; x_wconf 72' lang='lat'>416</span> 
     </span>
    </p>
   </div>
   <div class='ocr_carea' id='block_1_2' title="bbox 237 595 512 804">
    <p class='ocr_par' dir='ltr' id='par_1_2' title="bbox 237 595 512 804">
     <span class='ocr_line' id='line_1_2' title="bbox 237 595 512 630; baseline -0.004 -8"><span class='ocrx_word' id='word_1_2' title='bbox 237 595 405 630; x_wconf 77' lang='lat' dir='ltr'>Tempora}</span> <span class='ocrx_word' id='word_1_3' title='bbox 427 595 512 622; x_wconf 82' lang='lat' dir='ltr'>lords</span> 
     </span>
     <span class='ocr_line' id='line_1_3' title="bbox 292 629 468 664; baseline -0.006 -7"><span class='ocrx_word' id='word_1_4' title='bbox 292 631 322 657; x_wconf 90' lang='lat' dir='ltr'>in</span> <span class='ocrx_word' id='word_1_5' title='bbox 344 629 468 664; x_wconf 79' lang='lat' dir='ltr'>making</span> 
     </span>
     <span class='ocr_line' id='line_1_4' title="bbox 268 665 483 692; baseline -0.005 -1"><span class='ocrx_word' id='word_1_6' title='bbox 268 665 483 692; x_wconf 79' lang='lat' dir='ltr'>endowments</span> 
     </span>
     <span class='ocr_line' id='line_1_5' title="bbox 285 704 460 726; baseline 0 0"><span class='ocrx_word' id='word_1_7' title='bbox 285 708 407 726; x_wconf 81' lang='lat' dir='ltr'>reserve</span> <span class='ocrx_word' id='word_1_8' title='bbox 428 704 460 726; x_wconf 88' lang='lat' dir='ltr'>to</span> 
     </span>
     <span class='ocr_line' id='line_1_6' title="bbox 249 734 501 761; baseline 0 0"><span class='ocrx_word' id='word_1_9' title='bbox 249 735 432 761; x_wconf 65' lang='lat' dir='ltr'>themselves</span> <span class='ocrx_word' id='word_1_10' title='bbox 453 734 501 761; x_wconf 71' lang='lat' dir='ltr'>the</span> 
     </span>
     <span class='ocr_line' id='line_1_7' title="bbox 238 769 510 804; baseline 0 -8"><span class='ocrx_word' id='word_1_11' title='bbox 238 769 347 804; x_wconf 81' lang='lat' dir='ltr'>capital</span> <span class='ocrx_word' id='word_1_12' title='bbox 360 770 510 804; x_wconf 79' lang='lat' dir='ltr'>Iordship.</span> 
     </span>
    </p>
   </div>
   <div class='ocr_carea' id='block_1_3' title="bbox 954 234 1834 286">
    <p class='ocr_par' dir='ltr' id='par_1_3' title="bbox 954 234 1834 286">
     <span class='ocr_line' id='line_1_8' title="bbox 954 234 1834 286; baseline -0.015 -7"><span class='ocrx_word' id='word_1_13' title='bbox 954 249 1011 279; x_wconf 80' lang='lat' dir='ltr'>DE</span> <span class='ocrx_word' id='word_1_14' title='bbox 1040 247 1175 279; x_wconf 87' lang='lat' dir='ltr'>CIVILI</span> <span class='ocrx_word' id='word_1_15' title='bbox 1202 246 1412 278; x_wconf 91' lang='lat' dir='ltr'><strong>DOMINIO.</strong></span> <span class='ocrx_word' id='word_1_16' title='bbox 1636 234 1741 286; x_wconf 83' lang='lat' dir='ltr'>[CAP.</span> <span class='ocrx_word' id='word_1_17' title='bbox 1769 240 1834 268; x_wconf 87' lang='lat' dir='ltr'>XX.</span> 
     </span>
    </p>
   </div>
   <div class='ocr_carea' id='block_1_4' title="bbox 526 351 1844 1733">
    <p class='ocr_par' dir='ltr' id='par_1_4' title="bbox 526 351 1844 1733">
     <span class='ocr_line' id='line_1_9' title="bbox 527 351 1835 400; baseline -0.004 -9"><span class='ocrx_word' id='word_1_18' title='bbox 527 358 615 392; x_wconf 88' lang='lat' dir='ltr'>Non</span> <span class='ocrx_word' id='word_1_19' title='bbox 649 355 752 392; x_wconf 89' lang='lat' dir='ltr'>enim</span> <span class='ocrx_word' id='word_1_20' title='bbox 788 355 925 391; x_wconf 83' lang='lat' dir='ltr'>habuit</span> <span class='ocrx_word' id='word_1_21' title='bbox 959 353 1140 391; x_wconf 86' lang='lat' dir='ltr'>Christus</span> <span class='ocrx_word' id='word_1_22' title='bbox 1173 354 1232 389; x_wconf 92' lang='lat' dir='ltr'>vel</span> <span class='ocrx_word' id='word_1_23' title='bbox 1265 366 1381 389; x_wconf 87' lang='lat' dir='ltr'>suum</span> <span class='ocrx_word' id='word_1_24' title='bbox 1416 351 1628 400; x_wconf 82' lang='lat' dir='ltr'>collegium</span> <span class='ocrx_word' id='word_1_25' title='bbox 1653 351 1835 387; x_wconf 86' lang='lat' dir='ltr'>domina-</span> 
     </span>
     <span class='ocr_line' id='line_1_10' title="bbox 527 408 1836 460; baseline -0.004 -11"><span class='ocrx_word' id='word_1_26' title='bbox 527 414 682 450; x_wconf 90' lang='lat' dir='ltr'>cionem</span> <span class='ocrx_word' id='word_1_27' title='bbox 718 412 872 449; x_wconf 86' lang='lat' dir='ltr'>civilem</span> <span class='ocrx_word' id='word_1_28' title='bbox 913 424 1032 460; x_wconf 90' lang='lat' dir='ltr'>super</span> <span class='ocrx_word' id='word_1_29' title='bbox 1065 411 1246 459; x_wconf 86' lang='lat' dir='ltr'>panibus,</span> <span class='ocrx_word' id='word_1_30' title='bbox 1286 410 1457 459; x_wconf 85' lang='lat' dir='ltr'>pecunia</span> <span class='ocrx_word' id='word_1_31' title='bbox 1489 410 1550 447; x_wconf 87' lang='lat' dir='ltr'>vel</span> <span class='ocrx_word' id='word_1_32' title='bbox 1581 408 1836 457; x_wconf 86' lang='lat' dir='ltr'>fragmentis;</span> 
     </span>
     <span class='ocr_line' id='line_1_11' title="bbox 528 466 1837 519; baseline -0.004 -12"><span class='ocrx_word' id='word_1_33' title='bbox 528 481 563 507; x_wconf 90' lang='lat' dir='ltr'>et</span> <span class='ocrx_word' id='word_1_34' title='bbox 587 471 642 507; x_wconf 92' lang='lat' dir='ltr'>sic</span> <span class='ocrx_word' id='word_1_35' title='bbox 677 470 834 506; x_wconf 89' lang='lat' dir='ltr'>videtur</span> <span class='ocrx_word' id='word_1_36' title='bbox 867 471 975 519; x_wconf 87' lang='lat' dir='ltr'>quod</span> <span class='ocrx_word' id='word_1_37' title='bbox 998 478 1193 518; x_wconf 82' lang='lat' dir='ltr'>repugnat</span> <span class='ocrx_word' id='word_1_38' title='bbox 1217 469 1292 516; x_wconf 86' lang='lat' dir='ltr'>legi</span> <span class='ocrx_word' id='word_1_39' title='bbox 1321 477 1475 513; x_wconf 84' lang='lat' dir='ltr'>nature,</span> <span class='ocrx_word' id='word_1_40' title='bbox 1510 467 1587 515; x_wconf 87' lang='lat' dir='ltr'>legi</span> <span class='ocrx_word' id='word_1_41' title='bbox 1611 466 1837 515; x_wconf 78' lang='lat' dir='ltr'>evangelice</span> 
     </span>
     <span class='ocr_line' id='line_1_12' title="bbox 527 524 1837 577; baseline -0.005 -12"><span class='ocrx_word' id='word_1_42' title='bbox 527 539 564 565; x_wconf 89' lang='lat' dir='ltr'>et</span> <span class='ocrx_word' id='word_1_43' title='bbox 587 529 661 577; x_wconf 83' lang='lat' dir='ltr'>legi</span> <span class='ocrx_word' id='word_1_44' title='bbox 688 529 860 565; x_wconf 87' lang='lat' dir='ltr'>humane</span> <span class='ocrx_word' id='word_1_45' title='bbox 884 528 1099 565; x_wconf 84' lang='lat' dir='ltr'>elemosine</span> <span class='ocrx_word' id='word_1_46' title='bbox 1122 526 1399 575; x_wconf 87' lang='lat' dir='ltr'>religiosorum</span> <span class='ocrx_word' id='word_1_47' title='bbox 1425 526 1479 562; x_wconf 88' lang='lat' dir='ltr'>sic</span> <span class='ocrx_word' id='word_1_48' title='bbox 1513 524 1711 561; x_wconf 86' lang='lat' dir='ltr'>dominari</span> <span class='ocrx_word' id='word_1_49' title='bbox 1745 524 1837 560; x_wconf 78' lang='lat' dir='ltr'>civi-</span> 
     </span>
     <span class='ocr_line' id='line_1_13' title="bbox 526 583 1835 634; baseline -0.005 -11"><span class='ocrx_word' id='word_1_50' title='bbox 526 587 627 625; x_wconf 82' lang='lat' dir='ltr'>liter.</span> <span class='ocrx_word' id='word_1_51' title='bbox 662 589 763 623; x_wconf 88' lang='lat' dir='ltr'>Nam</span> <span class='ocrx_word' id='word_1_52' title='bbox 788 586 1030 634; x_wconf 82' lang='lat' dir='ltr'>temporales</span> <span class='ocrx_word' id='word_1_53' title='bbox 1054 584 1206 622; x_wconf 89' lang='lat' dir='ltr'>domini</span> <span class='ocrx_word' id='word_1_54' title='bbox 1230 585 1327 621; x_wconf 90' lang='lat' dir='ltr'>dant</span> <span class='ocrx_word' id='word_1_55' title='bbox 1351 584 1504 620; x_wconf 83' lang='lat' dir='ltr'>clericis</span> <span class='ocrx_word' id='word_1_56' title='bbox 1528 583 1569 619; x_wconf 90' lang='lat' dir='ltr'>in</span> <span class='ocrx_word' id='word_1_57' title='bbox 1602 591 1835 631; x_wconf 85' lang='lat' dir='ltr'>perpetuam</span> 
     </span>
     <span class='ocr_line' id='line_1_14' title="bbox 528 641 1837 691; baseline -0.005 -10"><span class='ocrx_word' id='word_1_58' title='bbox 528 643 803 690; x_wconf 84' lang='lat' dir='ltr'>elemosinam,</span> <span class='ocrx_word' id='word_1_59' title='bbox 827 645 1023 680; x_wconf 88' lang='lat' dir='ltr'>servando</span> <span class='ocrx_word' id='word_1_60' title='bbox 1045 643 1118 680; x_wconf 87' lang='lat' dir='ltr'>sibi</span> <span class='ocrx_word' id='word_1_61' title='bbox 1143 642 1314 691; x_wconf 87' lang='lat' dir='ltr'>capitale</span> <span class='ocrx_word' id='word_1_62' title='bbox 1339 641 1578 685; x_wconf 88' lang='lat' dir='ltr'>dominium,</span> <span class='ocrx_word' id='word_1_63' title='bbox 1602 653 1682 676; x_wconf 91' lang='lat' dir='ltr'>non</span> <span class='ocrx_word' id='word_1_64' title='bbox 1705 649 1837 676; x_wconf 88' lang='lat' dir='ltr'>autem</span> 
     </span>
     <span class='ocr_line' id='line_1_15' title="bbox 527 698 1836 750; baseline -0.005 -11"><span class='ocrx_word' id='word_1_65' title='bbox 527 712 570 739; x_wconf 82' lang='lat' dir='ltr'>ut</span> <span class='ocrx_word' id='word_1_66' title='bbox 593 702 769 750; x_wconf 86' lang='lat' dir='ltr'>religiosi</span> <span class='ocrx_word' id='word_1_67' title='bbox 793 701 962 739; x_wconf 82' lang='lat' dir='ltr'>civiliter</span> <span class='ocrx_word' id='word_1_68' title='bbox 985 701 1257 738; x_wconf 84' lang='lat' dir='ltr'>dominentur.</span> <span class='ocrx_word' id='word_1_69' title='bbox 1292 701 1407 737; x_wconf 88' lang='lat' dir='ltr'>Unde</span> <span class='ocrx_word' id='word_1_70' title='bbox 1430 700 1469 735; x_wconf 91' lang='lat' dir='ltr'>in</span> <span class='ocrx_word' id='word_1_71' title='bbox 1491 698 1654 736; x_wconf 87' lang='lat' dir='ltr'>nomine</span> <span class='ocrx_word' id='word_1_72' title='bbox 1677 698 1836 734; x_wconf 89' lang='lat' dir='ltr'>illorum</span> 
     </span>
     <span class='ocr_line' id='line_1_16' title="bbox 528 757 1838 805; baseline -0.005 -8"><span class='ocrx_word' id='word_1_73' title='bbox 528 760 785 797; x_wconf 89' lang='lat' dir='ltr'>dominorum</span> <span class='ocrx_word' id='word_1_74' title='bbox 830 759 1071 796; x_wconf 84' lang='lat' dir='ltr'>secularium</span> <span class='ocrx_word' id='word_1_75' title='bbox 1111 759 1261 795; x_wconf 88' lang='lat' dir='ltr'>iudices</span> <span class='ocrx_word' id='word_1_76' title='bbox 1300 758 1402 805; x_wconf 89' lang='lat' dir='ltr'>layci</span> <span class='ocrx_word' id='word_1_77' title='bbox 1436 759 1736 804; x_wconf 84' lang='lat' dir='ltr'>condempnant</span> <span class='ocrx_word' id='word_1_78' title='bbox 1768 757 1838 792; x_wconf 90' lang='lat' dir='ltr'>ho-</span> 
     </span>
     <span class='ocr_line' id='line_1_17' title="bbox 530 813 1838 866; baseline -0.004 -12"><span class='ocrx_word' id='word_1_79' title='bbox 530 819 654 856; x_wconf 85' lang='lat' dir='ltr'>mines</span> <span class='ocrx_word' id='word_1_80' title='bbox 688 827 726 854; x_wconf 91' lang='lat' dir='ltr'>et</span> <span class='ocrx_word' id='word_1_81' title='bbox 758 818 1024 866; x_wconf 85' lang='lat' dir='ltr'>suspendunt;</span> <span class='ocrx_word' id='word_1_82' title='bbox 1059 817 1090 853; x_wconf 85' lang='lat' dir='ltr'>si</span> <span class='ocrx_word' id='word_1_83' title='bbox 1125 816 1227 853; x_wconf 89' lang='lat' dir='ltr'>enim</span> <span class='ocrx_word' id='word_1_84' title='bbox 1269 816 1358 852; x_wconf 86' lang='lat' dir='ltr'>talis</span> <span class='ocrx_word' id='word_1_85' title='bbox 1392 814 1598 863; x_wconf 87' lang='lat' dir='ltr'>religiosus</span> <span class='ocrx_word' id='word_1_86' title='bbox 1631 813 1680 850; x_wconf 89' lang='lat' dir='ltr'>sit</span> <span class='ocrx_word' id='word_1_87' title='bbox 1715 813 1838 851; x_wconf 88' lang='lat' dir='ltr'>civilis</span> 
     </span>
     <span class='ocr_line' id='line_1_18' title="bbox 528 872 1838 923; baseline -0.004 -11"><span class='ocrx_word' id='word_1_88' title='bbox 528 876 714 913; x_wconf 89' lang='lat' dir='ltr'>dominus</span> <span class='ocrx_word' id='word_1_89' title='bbox 758 888 876 923; x_wconf 91' lang='lat' dir='ltr'>super</span> <span class='ocrx_word' id='word_1_90' title='bbox 920 875 1107 911; x_wconf 88' lang='lat' dir='ltr'>baronias</span> <span class='ocrx_word' id='word_1_91' title='bbox 1155 883 1191 911; x_wconf 89' lang='lat' dir='ltr'>et</span> <span class='ocrx_word' id='word_1_92' title='bbox 1224 874 1438 910; x_wconf 87' lang='lat' dir='ltr'>comitatus</span> <span class='ocrx_word' id='word_1_93' title='bbox 1473 872 1736 909; x_wconf 85' lang='lat' dir='ltr'>mortificatos</span> <span class='ocrx_word' id='word_1_94' title='bbox 1768 884 1838 908; x_wconf 87' lang='lat' dir='ltr'>suo</span> 
     </span>
     <span class='ocr_line' id='line_1_19' title="bbox 529 929 1839 981; baseline -0.005 -10"><span class='ocrx_word' id='word_1_95' title='bbox 529 934 756 981; x_wconf 84' lang='lat' dir='ltr'>conventui,</span> <span class='ocrx_word' id='word_1_96' title='bbox 801 943 897 969; x_wconf 90' lang='lat' dir='ltr'>tunc</span> <span class='ocrx_word' id='word_1_97' title='bbox 943 942 999 969; x_wconf 89' lang='lat' dir='ltr'>est</span> <span class='ocrx_word' id='word_1_98' title='bbox 1044 934 1141 969; x_wconf 92' lang='lat' dir='ltr'>baro</span> <span class='ocrx_word' id='word_1_99' title='bbox 1174 933 1234 969; x_wconf 90' lang='lat' dir='ltr'>vel</span> <span class='ocrx_word' id='word_1_100' title='bbox 1273 944 1420 978; x_wconf 84' lang='lat' dir='ltr'>comes,</span> <span class='ocrx_word' id='word_1_101' title='bbox 1466 944 1555 968; x_wconf 89' lang='lat' dir='ltr'>cum</span> <span class='ocrx_word' id='word_1_102' title='bbox 1590 932 1649 978; x_wconf 79' lang='lat' dir='ltr'>&lt;ut</span> <span class='ocrx_word' id='word_1_103' title='bbox 1684 929 1839 977; x_wconf 83' lang='lat' dir='ltr'>asserit)</span> 
     </span>
     <span class='ocr_line' id='line_1_20' title="bbox 527 987 1839 1038; baseline -0.004 -10"><span class='ocrx_word' id='word_1_104' title='bbox 527 1005 608 1029; x_wconf 89' lang='lat' dir='ltr'>non</span> <span class='ocrx_word' id='word_1_105' title='bbox 642 1001 698 1028; x_wconf 88' lang='lat' dir='ltr'>est</span> <span class='ocrx_word' id='word_1_106' title='bbox 731 991 832 1028; x_wconf 90' lang='lat' dir='ltr'>alius</span> <span class='ocrx_word' id='word_1_107' title='bbox 872 993 968 1027; x_wconf 87' lang='lat' dir='ltr'>baro</span> <span class='ocrx_word' id='word_1_108' title='bbox 1002 991 1061 1027; x_wconf 88' lang='lat' dir='ltr'>vel</span> <span class='ocrx_word' id='word_1_109' title='bbox 1101 1002 1235 1027; x_wconf 90' lang='lat' dir='ltr'>comes</span> <span class='ocrx_word' id='word_1_110' title='bbox 1268 1002 1386 1038; x_wconf 89' lang='lat' dir='ltr'>super</span> <span class='ocrx_word' id='word_1_111' title='bbox 1425 989 1493 1025; x_wconf 90' lang='lat' dir='ltr'>illo</span> <span class='ocrx_word' id='word_1_112' title='bbox 1527 987 1726 1034; x_wconf 85' lang='lat' dir='ltr'>dominio;</span> <span class='ocrx_word' id='word_1_113' title='bbox 1772 989 1839 1023; x_wconf 91' lang='lat' dir='ltr'>sed</span> 
     </span>
     <span class='ocr_line' id='line_1_21' title="bbox 529 1042 1841 1099; baseline -0.004 -13"><span class='ocrx_word' id='word_1_114' title='bbox 529 1059 687 1087; x_wconf 88' lang='lat' dir='ltr'>constat</span> <span class='ocrx_word' id='word_1_115' title='bbox 732 1050 839 1098; x_wconf 89' lang='lat' dir='ltr'>quod</span> <span class='ocrx_word' id='word_1_116' title='bbox 872 1062 953 1085; x_wconf 90' lang='lat' dir='ltr'>non</span> <span class='ocrx_word' id='word_1_117' title='bbox 988 1057 1045 1085; x_wconf 84' lang='lat' dir='ltr'>est</span> <span class='ocrx_word' id='word_1_118' title='bbox 1077 1049 1155 1084; x_wconf 85' lang='lat' dir='ltr'>tale</span> <span class='ocrx_word' id='word_1_119' title='bbox 1189 1047 1413 1084; x_wconf 89' lang='lat' dir='ltr'>dominium</span> <span class='ocrx_word' id='word_1_120' title='bbox 1449 1046 1536 1084; x_wconf 87' lang='lat' dir='ltr'>sine</span> <span class='ocrx_word' id='word_1_121' title='bbox 1570 1042 1841 1099; x_wconf 61' lang='lat' dir='ltr'>dolminante</span> 
     </span>
     <span class='ocr_line' id='line_1_22' title="bbox 528 1103 1841 1156; baseline -0.005 -11"><span class='ocrx_word' id='word_1_122' title='bbox 528 1122 550 1145; x_wconf 89' lang='lat' dir='ltr'>a</span> <span class='ocrx_word' id='word_1_123' title='bbox 589 1121 669 1156; x_wconf 89' lang='lat' dir='ltr'>quo</span> <span class='ocrx_word' id='word_1_124' title='bbox 709 1107 995 1144; x_wconf 83' lang='lat' dir='ltr'>denominatur</span> <span class='ocrx_word' id='word_1_125' title='bbox 1039 1106 1283 1150; x_wconf 83' lang='lat' dir='ltr'>huiusmodi,</span> <span class='ocrx_word' id='word_1_126' title='bbox 1328 1105 1448 1153; x_wconf 88' lang='lat' dir='ltr'>igitur</span> <span class='ocrx_word' id='word_1_127' title='bbox 1493 1103 1714 1151; x_wconf 79' lang='lat' dir='ltr'>conclusio3</span> <span class='ocrx_word' id='word_1_128' title='bbox 1759 1116 1841 1140; x_wconf 88' lang='lat' dir='ltr'>non</span> 
     </span>
     <span class='ocr_line' id='line_1_23' title="bbox 529 1162 1842 1208; baseline -0.004 -6"><span class='ocrx_word' id='word_1_129' title='bbox 529 1166 632 1202; x_wconf 85' lang='lat' dir='ltr'>enim</span> <span class='ocrx_word' id='word_1_130' title='bbox 658 1165 796 1202; x_wconf 89' lang='lat' dir='ltr'>dicunt</span> <span class='ocrx_word' id='word_1_131' title='bbox 819 1166 916 1202; x_wconf 90' lang='lat' dir='ltr'>baro</span> <span class='ocrx_word' id='word_1_132' title='bbox 938 1166 999 1202; x_wconf 91' lang='lat' dir='ltr'>vel</span> <span class='ocrx_word' id='word_1_133' title='bbox 1032 1177 1166 1201; x_wconf 87' lang='lat' dir='ltr'>comes</span> <span class='ocrx_word' id='word_1_134' title='bbox 1200 1163 1382 1200; x_wconf 86' lang='lat' dir='ltr'>ordinem</span> <span class='ocrx_word' id='word_1_135' title='bbox 1418 1162 1645 1208; x_wconf 78' lang='lat' dir='ltr'>militarem,</span> <span class='ocrx_word' id='word_1_136' title='bbox 1679 1174 1751 1198; x_wconf 89' lang='lat' dir='ltr'>nec</span> <span class='ocrx_word' id='word_1_137' title='bbox 1785 1169 1842 1197; x_wconf 89' lang='lat' dir='ltr'>est</span> 
     </span>
     <span class='ocr_line' id='line_1_24' title="bbox 529 1219 1840 1272; baseline -0.004 -12"><span class='ocrx_word' id='word_1_138' title='bbox 529 1224 637 1260; x_wconf 84' lang='lat' dir='ltr'>racio</span> <span class='ocrx_word' id='word_1_139' title='bbox 671 1235 794 1272; x_wconf 88' lang='lat' dir='ltr'>quare</span> <span class='ocrx_word' id='word_1_140' title='bbox 827 1231 988 1271; x_wconf 88' lang='lat' dir='ltr'>oportet</span> <span class='ocrx_word' id='word_1_141' title='bbox 1011 1224 1203 1259; x_wconf 90' lang='lat' dir='ltr'>baronem</span> <span class='ocrx_word' id='word_1_142' title='bbox 1226 1222 1288 1258; x_wconf 90' lang='lat' dir='ltr'>vel</span> <span class='ocrx_word' id='word_1_143' title='bbox 1312 1221 1500 1258; x_wconf 89' lang='lat' dir='ltr'>comitem</span> <span class='ocrx_word' id='word_1_144' title='bbox 1526 1232 1610 1257; x_wconf 89' lang='lat' dir='ltr'>esse</span> <span class='ocrx_word' id='word_1_145' title='bbox 1633 1219 1840 1256; x_wconf 88' lang='lat' dir='ltr'>dominum</span> 
     </span>
     <span class='ocr_line' id='line_1_25' title="bbox 529 1277 1842 1330; baseline -0.004 -12"><span class='ocrx_word' id='word_1_146' title='bbox 529 1283 748 1318; x_wconf 85' lang='lat' dir='ltr'>secularem</span> <span class='ocrx_word' id='word_1_147' title='bbox 785 1281 881 1330; x_wconf 91' lang='lat' dir='ltr'>quin</span> <span class='ocrx_word' id='word_1_148' title='bbox 915 1294 985 1329; x_wconf 91' lang='lat' dir='ltr'>per</span> <span class='ocrx_word' id='word_1_149' title='bbox 1018 1280 1123 1317; x_wconf 88' lang='lat' dir='ltr'>idem</span> <span class='ocrx_word' id='word_1_150' title='bbox 1158 1288 1318 1328; x_wconf 86' lang='lat' dir='ltr'>oportet</span> <span class='ocrx_word' id='word_1_151' title='bbox 1350 1292 1512 1316; x_wconf 89' lang='lat' dir='ltr'>ornnem</span> <span class='ocrx_word' id='word_1_152' title='bbox 1545 1277 1755 1315; x_wconf 88' lang='lat' dir='ltr'>dominum</span> <span class='ocrx_word' id='word_1_153' title='bbox 1790 1277 1842 1313; x_wconf 90' lang='lat' dir='ltr'>ei-</span> 
     </span>
     <span class='ocr_line' id='line_1_26' title="bbox 528 1335 1843 1386; baseline -0.003 -11"><span class='ocrx_word' id='word_1_154' title='bbox 528 1340 645 1375; x_wconf 88' lang='lat' dir='ltr'>vilem</span> <span class='ocrx_word' id='word_1_155' title='bbox 681 1352 764 1376; x_wconf 89' lang='lat' dir='ltr'>esse</span> <span class='ocrx_word' id='word_1_156' title='bbox 797 1339 1013 1382; x_wconf 78' lang='lat' dir='ltr'>dominum¹</span> <span class='ocrx_word' id='word_1_157' title='bbox 1043 1338 1278 1384; x_wconf 84' lang='lat' dir='ltr'>secularem,</span> <span class='ocrx_word' id='word_1_158' title='bbox 1313 1337 1407 1386; x_wconf 88' lang='lat' dir='ltr'>quia</span> <span class='ocrx_word' id='word_1_159' title='bbox 1441 1335 1610 1373; x_wconf 86' lang='lat' dir='ltr'>civilitas</span> <span class='ocrx_word' id='word_1_160' title='bbox 1636 1335 1732 1372; x_wconf 89' lang='lat' dir='ltr'>dicit</span> <span class='ocrx_word' id='word_1_161' title='bbox 1754 1347 1843 1383; x_wconf 91' lang='lat' dir='ltr'>pre-</span> 
     </span>
     <span class='ocr_line' id='line_1_27' title="bbox 529 1393 1842 1445; baseline -0.005 -11"><span class='ocrx_word' id='word_1_162' title='bbox 529 1398 691 1445; x_wconf 84' lang='lat' dir='ltr'>cipuum</span> <span class='ocrx_word' id='word_1_163' title='bbox 718 1398 885 1445; x_wconf 86' lang='lat' dir='ltr'>gradum</span> <span class='ocrx_word' id='word_1_164' title='bbox 911 1395 1192 1433; x_wconf 88' lang='lat' dir='ltr'>secularitatis.</span> <span class='ocrx_word' id='word_1_165' title='bbox 1217 1397 1308 1432; x_wconf 89' lang='lat' dir='ltr'>Ideo</span> <span class='ocrx_word' id='word_1_166' title='bbox 1333 1395 1429 1432; x_wconf 91' lang='lat' dir='ltr'>dicit</span> <span class='ocrx_word' id='word_1_167' title='bbox 1452 1397 1591 1431; x_wconf 87' lang='lat' dir='ltr'>beatus</span> <span class='ocrx_word' id='word_1_168' title='bbox 1616 1393 1842 1430; x_wconf 73' lang='lat' dir='ltr'>jeronimus</span> 
     </span>
     <span class='ocr_line' id='line_1_28' title="bbox 529 1451 1842 1503; baseline -0.004 -12"><span class='ocrx_word' id='word_1_169' title='bbox 529 1455 570 1491; x_wconf 89' lang='lat' dir='ltr'>in</span> <span class='ocrx_word' id='word_1_170' title='bbox 604 1455 773 1503; x_wconf 87' lang='lat' dir='ltr'>epistola</span> <span class='ocrx_word' id='word_1_171' title='bbox 805 1456 946 1491; x_wconf 87' lang='lat' dir='ltr'>XXXV</span> <span class='ocrx_word' id='word_1_172' title='bbox 978 1456 1027 1491; x_wconf 88' lang='lat' dir='ltr'>ad</span> <span class='ocrx_word' id='word_1_173' title='bbox 1062 1454 1294 1490; x_wconf 86' lang='lat' dir='ltr'>Paulinum:</span> <span class='ocrx_word' id='word_1_174' title='bbox 1329 1454 1371 1489; x_wconf 85' lang='lat' dir='ltr'>Si</span> <span class='ocrx_word' id='word_1_175' title='bbox 1402 1453 1508 1502; x_wconf 80' lang='lat' dir='ltr'>cupis</span> <span class='ocrx_word' id='word_1_176' title='bbox 1540 1465 1621 1489; x_wconf 78' lang='lat' dir='ltr'>esse</span> <span class='ocrx_word' id='word_1_177' title='bbox 1653 1452 1754 1500; x_wconf 77' lang='lat' dir='ltr'>quod</span> <span class='ocrx_word' id='word_1_178' title='bbox 1787 1451 1842 1486; x_wconf 81' lang='lat' dir='ltr'>di-</span> 
     </span>
     <span class='ocr_line' id='line_1_29' title="bbox 529 1508 1842 1561; baseline -0.004 -12"><span class='ocrx_word' id='word_1_179' title='bbox 529 1514 627 1550; x_wconf 79' lang='lat' dir='ltr'>ceris</span> <span class='ocrx_word' id='word_1_180' title='bbox 683 1515 906 1559; x_wconf 79' lang='lat' dir='ltr'>monachus,</span> <span class='ocrx_word' id='word_1_181' title='bbox 952 1513 1043 1561; x_wconf 79' lang='lat' dir='ltr'>quid</span> <span class='ocrx_word' id='word_1_182' title='bbox 1078 1512 1187 1561; x_wconf 81' lang='lat' dir='ltr'>facis</span> <span class='ocrx_word' id='word_1_183' title='bbox 1232 1512 1267 1548; x_wconf 83' lang='lat' dir='ltr'>in</span> <span class='ocrx_word' id='word_1_184' title='bbox 1301 1511 1488 1547; x_wconf 75' lang='lat' dir='ltr'>urbibus?</span> <span class='ocrx_word' id='word_1_185' title='bbox 1541 1510 1596 1546; x_wconf 90' lang='lat' dir='ltr'>illi</span> <span class='ocrx_word' id='word_1_186' title='bbox 1642 1522 1735 1558; x_wconf 83' lang='lat' dir='ltr'>ergo</span> <span class='ocrx_word' id='word_1_187' title='bbox 1780 1508 1842 1545; x_wconf 91' lang='lat' dir='ltr'>cui</span> 
     </span>
     <span class='ocr_line' id='line_1_30' title="bbox 529 1567 1844 1619; baseline -0.002 -12"><span class='ocrx_word' id='word_1_188' title='bbox 529 1580 698 1619; x_wconf 85' lang='lat' dir='ltr'>negatur</span> <span class='ocrx_word' id='word_1_189' title='bbox 723 1571 846 1607; x_wconf 88' lang='lat' dir='ltr'>civilis</span> <span class='ocrx_word' id='word_1_190' title='bbox 871 1569 1123 1607; x_wconf 87' lang='lat' dir='ltr'>cohabitacio</span> <span class='ocrx_word' id='word_1_191' title='bbox 1147 1569 1284 1617; x_wconf 89' lang='lat' dir='ltr'>negari</span> <span class='ocrx_word' id='word_1_192' title='bbox 1308 1571 1424 1606; x_wconf 90' lang='lat' dir='ltr'>debet</span> <span class='ocrx_word' id='word_1_193' title='bbox 1454 1568 1578 1605; x_wconf 90' lang='lat' dir='ltr'>civilis</span> <span class='ocrx_word' id='word_1_194' title='bbox 1602 1567 1844 1604; x_wconf 86' lang='lat' dir='ltr'>dominacio.</span> 
     </span>
     <span class='ocr_line' id='line_1_31' title="bbox 529 1622 1844 1676; baseline -0.003 -11"><span class='ocrx_word' id='word_1_195' title='bbox 529 1631 640 1675; x_wconf 83' lang='lat' dir='ltr'>Item,</span> <span class='ocrx_word' id='word_1_196' title='bbox 687 1641 731 1665; x_wconf 84' lang='lat' dir='ltr'>ex</span> <span class='ocrx_word' id='word_1_197' title='bbox 775 1629 890 1665; x_wconf 85' lang='lat' dir='ltr'>dictis</span> <span class='ocrx_word' id='word_1_198' title='bbox 936 1629 1022 1664; x_wconf 94' lang='lat' dir='ltr'>XIV</span> <span class='ocrx_word' id='word_1_199' title='bbox 1056 1628 1231 1676; x_wconf 86' lang='lat' dir='ltr'>capitulo</span> <span class='ocrx_word' id='word_1_200' title='bbox 1272 1627 1389 1663; x_wconf 87' lang='lat' dir='ltr'>huius</span> <span class='ocrx_word' id='word_1_201' title='bbox 1420 1622 1477 1661; x_wconf 79' lang='lat' dir='ltr'>Vti</span> <span class='ocrx_word' id='word_1_202' title='bbox 1515 1625 1747 1674; x_wconf 89' lang='lat' dir='ltr'>inpossibile</span> <span class='ocrx_word' id='word_1_203' title='bbox 1788 1633 1844 1661; x_wconf 87' lang='lat' dir='ltr'>est</span> 
     </span>
     <span class='ocr_line' id='line_1_32' title="bbox 531 1682 1844 1733; baseline -0.004 -10"><span class='ocrx_word' id='word_1_204' title='bbox 531 1687 854 1724; x_wconf 83' lang='lat' dir='ltr'>dominacionem</span> <span class='ocrx_word' id='word_1_205' title='bbox 880 1685 1034 1723; x_wconf 87' lang='lat' dir='ltr'>civilem</span> <span class='ocrx_word' id='word_1_206' title='bbox 1061 1686 1219 1722; x_wconf 85' lang='lat' dir='ltr'>fundari</span> <span class='ocrx_word' id='word_1_207' title='bbox 1243 1685 1282 1721; x_wconf 89' lang='lat' dir='ltr'>in</span> <span class='ocrx_word' id='word_1_208' title='bbox 1305 1698 1406 1733; x_wconf 85' lang='lat' dir='ltr'>pura</span> <span class='ocrx_word' id='word_1_209' title='bbox 1440 1684 1678 1731; x_wconf 82' lang='lat' dir='ltr'>elemosina3</span> <span class='ocrx_word' id='word_1_210' title='bbox 1714 1682 1844 1720; x_wconf 87' lang='lat' dir='ltr'>omnis</span> 
     </span>
    </p>
   </div>
   <div class='ocr_carea' id='block_1_5' title="bbox 530 1740 1901 1793">
    <p class='ocr_par' dir='ltr' id='par_1_5' title="bbox 530 1740 1901 1793">
     <span class='ocr_line' id='line_1_33' title="bbox 530 1740 1901 1793; baseline -0.004 -12"><span class='ocrx_word' id='word_1_211' title='bbox 530 1744 727 1793; x_wconf 87' lang='lat' dir='ltr'>possessio</span> <span class='ocrx_word' id='word_1_212' title='bbox 771 1744 1005 1792; x_wconf 86' lang='lat' dir='ltr'>temporalis</span> <span class='ocrx_word' id='word_1_213' title='bbox 1051 1757 1129 1792; x_wconf 88' lang='lat' dir='ltr'>qua</span> <span class='ocrx_word' id='word_1_214' title='bbox 1174 1744 1300 1780; x_wconf 89' lang='lat' dir='ltr'>clerus</span> <span class='ocrx_word' id='word_1_215' title='bbox 1334 1744 1497 1779; x_wconf 86' lang='lat' dir='ltr'>dotatur</span> <span class='ocrx_word' id='word_1_216' title='bbox 1536 1750 1593 1778; x_wconf 89' lang='lat' dir='ltr'>est</span> <span class='ocrx_word' id='word_1_217' title='bbox 1626 1740 1845 1779; x_wconf 88' lang='lat' dir='ltr'>elemosina</span> <span class='ocrx_word' id='word_1_218' title='bbox 1887 1741 1901 1774; x_wconf 77' lang='grc'>5</span> 
     </span>
    </p>
   </div>
   <div class='ocr_carea' id='block_1_6' title="bbox 530 1798 1846 2025">
    <p class='ocr_par' dir='ltr' id='par_1_6' title="bbox 530 1798 1846 2025">
     <span class='ocr_line' id='line_1_34' title="bbox 531 1798 1845 1850; baseline -0.003 -11"><span class='ocrx_word' id='word_1_219' title='bbox 531 1802 771 1840; x_wconf 88' lang='lat' dir='ltr'>secularium</span> <span class='ocrx_word' id='word_1_220' title='bbox 819 1802 1093 1847; x_wconf 85' lang='lat' dir='ltr'>dominorum,</span> <span class='ocrx_word' id='word_1_221' title='bbox 1140 1815 1234 1850; x_wconf 84' lang='lat' dir='ltr'>ergo</span> <span class='ocrx_word' id='word_1_222' title='bbox 1279 1801 1319 1837; x_wconf 92' lang='lat' dir='ltr'>in</span> <span class='ocrx_word' id='word_1_223' title='bbox 1352 1801 1461 1837; x_wconf 90' lang='lat' dir='ltr'>nulla</span> <span class='ocrx_word' id='word_1_224' title='bbox 1493 1800 1563 1836; x_wconf 86' lang='lat' dir='ltr'>tali</span> <span class='ocrx_word' id='word_1_225' title='bbox 1596 1798 1845 1848; x_wconf 88' lang='lat' dir='ltr'>possessione</span> 
     </span>
     <span class='ocr_line' id='line_1_35' title="bbox 531 1856 1844 1897; baseline -0.004 0"><span class='ocrx_word' id='word_1_226' title='bbox 531 1860 625 1897; x_wconf 87' lang='lat' dir='ltr'>cleri</span> <span class='ocrx_word' id='word_1_227' title='bbox 648 1861 840 1897; x_wconf 88' lang='lat' dir='ltr'>fundatur</span> <span class='ocrx_word' id='word_1_228' title='bbox 864 1860 1094 1897; x_wconf 90' lang='lat' dir='ltr'>dominacio</span> <span class='ocrx_word' id='word_1_229' title='bbox 1118 1859 1257 1896; x_wconf 89' lang='lat' dir='ltr'>civilis.</span> <span class='ocrx_word' id='word_1_230' title='bbox 1283 1858 1322 1896; x_wconf 88' lang='lat' dir='ltr'>Si</span> <span class='ocrx_word' id='word_1_231' title='bbox 1342 1858 1445 1895; x_wconf 88' lang='lat' dir='ltr'>enirn</span> <span class='ocrx_word' id='word_1_232' title='bbox 1471 1858 1511 1894; x_wconf 87' lang='lat' dir='ltr'>in</span> <span class='ocrx_word' id='word_1_233' title='bbox 1534 1858 1604 1894; x_wconf 91' lang='lat' dir='ltr'>tali</span> <span class='ocrx_word' id='word_1_234' title='bbox 1629 1856 1844 1894; x_wconf 81' lang='lat' dir='ltr'>elemosina</span> 
     </span>
     <span class='ocr_line' id='line_1_36' title="bbox 531 1914 1846 1963; baseline -0.003 -8"><span class='ocrx_word' id='word_1_235' title='bbox 531 1919 764 1955; x_wconf 88' lang='lat' dir='ltr'>fundaretur</span> <span class='ocrx_word' id='word_1_236' title='bbox 798 1918 1028 1955; x_wconf 89' lang='lat' dir='ltr'>dominacio</span> <span class='ocrx_word' id='word_1_237' title='bbox 1061 1917 1199 1963; x_wconf 88' lang='lat' dir='ltr'>civilis,</span> <span class='ocrx_word' id='word_1_238' title='bbox 1241 1930 1330 1953; x_wconf 89' lang='lat' dir='ltr'>cum</span> <span class='ocrx_word' id='word_1_239' title='bbox 1371 1916 1501 1953; x_wconf 88' lang='lat' dir='ltr'>omnis</span> <span class='ocrx_word' id='word_1_240' title='bbox 1535 1915 1763 1953; x_wconf 90' lang='lat' dir='ltr'>dominacio</span> <span class='ocrx_word' id='word_1_241' title='bbox 1797 1914 1846 1951; x_wconf 88' lang='lat' dir='ltr'>sit</span> 
     </span>
     <span class='ocr_line' id='line_1_37' title="bbox 530 1972 1846 2025; baseline -0.003 -12"><span class='ocrx_word' id='word_1_242' title='bbox 530 1977 570 2013; x_wconf 91' lang='lat' dir='ltr'>in</span> <span class='ocrx_word' id='word_1_243' title='bbox 616 1989 687 2013; x_wconf 87' lang='lat' dir='ltr'>sua</span> <span class='ocrx_word' id='word_1_244' title='bbox 730 1976 885 2025; x_wconf 84' lang='lat' dir='ltr'>origine</span> <span class='ocrx_word' id='word_1_245' title='bbox 929 1975 1154 2025; x_wconf 89' lang='lat' dir='ltr'>potissima,</span> <span class='ocrx_word' id='word_1_246' title='bbox 1189 1974 1369 2024; x_wconf 88' lang='lat' dir='ltr'>sequitur</span> <span class='ocrx_word' id='word_1_247' title='bbox 1408 1975 1517 2022; x_wconf 89' lang='lat' dir='ltr'>quod</span> <span class='ocrx_word' id='word_1_248' title='bbox 1550 1974 1590 2010; x_wconf 92' lang='lat' dir='ltr'>in</span> <span class='ocrx_word' id='word_1_249' title='bbox 1623 1973 1754 2022; x_wconf 89' lang='lat' dir='ltr'>primo</span> <span class='ocrx_word' id='word_1_250' title='bbox 1788 1972 1846 2008; x_wconf 90' lang='lat' dir='ltr'>in-</span> 
     </span>
    </p>
   </div>
   <div class='ocr_carea' id='block_1_7' title="bbox 531 2032 1878 2082">
    <p class='ocr_par' dir='ltr' id='par_1_7' title="bbox 531 2032 1878 2082">
     <span class='ocr_line' id='line_1_38' title="bbox 531 2032 1878 2082; baseline -0.004 -11"><span class='ocrx_word' id='word_1_251' title='bbox 531 2034 652 2071; x_wconf 86' lang='lat' dir='ltr'>stanti</span> <span class='ocrx_word' id='word_1_252' title='bbox 686 2034 769 2071; x_wconf 87' lang='lat' dir='ltr'>eius</span> <span class='ocrx_word' id='word_1_253' title='bbox 801 2035 903 2071; x_wconf 87' lang='lat' dir='ltr'>foret</span> <span class='ocrx_word' id='word_1_254' title='bbox 927 2033 1093 2071; x_wconf 88' lang='lat' dir='ltr'>civilitas</span> <span class='ocrx_word' id='word_1_255' title='bbox 1118 2033 1346 2082; x_wconf 81' lang='lat' dir='ltr'>potissima3</span> <span class='ocrx_word' id='word_1_256' title='bbox 1380 2032 1472 2080; x_wconf 90' lang='lat' dir='ltr'>quia</span> <span class='ocrx_word' id='word_1_257' title='bbox 1496 2040 1585 2080; x_wconf 89' lang='lat' dir='ltr'>post</span> <span class='ocrx_word' id='word_1_258' title='bbox 1608 2044 1688 2068; x_wconf 91' lang='lat' dir='ltr'>non</span> <span class='ocrx_word' id='word_1_259' title='bbox 1712 2032 1878 2079; x_wconf 59' lang='lat' dir='ltr'>posset?</span> 
     </span>
    </p>
   </div>
   <div class='ocr_carea' id='block_1_8' title="bbox 531 2088 1847 2604">
    <p class='ocr_par' dir='ltr' id='par_1_8' title="bbox 531 2088 1847 2604">
     <span class='ocr_line' id='line_1_39' title="bbox 532 2088 1846 2139; baseline -0.004 -10"><span class='ocrx_word' id='word_1_260' title='bbox 532 2092 764 2129; x_wconf 89' lang='lat' dir='ltr'>reviviscere</span> <span class='ocrx_word' id='word_1_261' title='bbox 809 2094 858 2128; x_wconf 88' lang='lat' dir='ltr'>ab</span> <span class='ocrx_word' id='word_1_262' title='bbox 903 2091 1119 2129; x_wconf 88' lang='lat' dir='ltr'>elemosina</span> <span class='ocrx_word' id='word_1_263' title='bbox 1164 2091 1203 2127; x_wconf 92' lang='lat' dir='ltr'>in</span> <span class='ocrx_word' id='word_1_264' title='bbox 1243 2090 1534 2139; x_wconf 87' lang='lat' dir='ltr'>possessionem</span> <span class='ocrx_word' id='word_1_265' title='bbox 1574 2089 1728 2126; x_wconf 89' lang='lat' dir='ltr'>civilem</span> <span class='ocrx_word' id='word_1_266' title='bbox 1763 2088 1846 2125; x_wconf 88' lang='lat' dir='ltr'>sine</span> 
     </span>
     <span class='ocr_line' id='line_1_40' title="bbox 532 2146 1846 2199; baseline -0.004 -12"><span class='ocrx_word' id='word_1_267' title='bbox 532 2159 651 2199; x_wconf 85' lang='lat' dir='ltr'>pacto</span> <span class='ocrx_word' id='word_1_268' title='bbox 673 2151 734 2187; x_wconf 90' lang='lat' dir='ltr'>vel</span> <span class='ocrx_word' id='word_1_269' title='bbox 759 2151 843 2198; x_wconf 88' lang='lat' dir='ltr'>lege</span> <span class='ocrx_word' id='word_1_270' title='bbox 868 2150 972 2187; x_wconf 89' lang='lat' dir='ltr'>civili</span> <span class='ocrx_word' id='word_1_271' title='bbox 996 2159 1196 2188; x_wconf 86' lang='lat' dir='ltr'>causante.</span> <span class='ocrx_word' id='word_1_272' title='bbox 1231 2149 1271 2186; x_wconf 87' lang='lat' dir='ltr'>Si</span> <span class='ocrx_word' id='word_1_273' title='bbox 1304 2148 1426 2197; x_wconf 86' lang='lat' dir='ltr'>igitur</span> <span class='ocrx_word' id='word_1_274' title='bbox 1458 2147 1593 2196; x_wconf 87' lang='lat' dir='ltr'>aliqua</span> <span class='ocrx_word' id='word_1_275' title='bbox 1627 2146 1846 2185; x_wconf 88' lang='lat' dir='ltr'>elemosina</span> 
     </span>
     <span class='ocr_line' id='line_1_41' title="bbox 534 2204 1843 2256; baseline -0.003 -12"><span class='ocrx_word' id='word_1_276' title='bbox 534 2210 709 2246; x_wconf 87' lang='lat' dir='ltr'>humana</span> <span class='ocrx_word' id='word_1_277' title='bbox 733 2208 874 2245; x_wconf 90' lang='lat' dir='ltr'>fundat</span> <span class='ocrx_word' id='word_1_278' title='bbox 899 2207 1131 2245; x_wconf 89' lang='lat' dir='ltr'>civilitatem</span> <span class='ocrx_word' id='word_1_279' title='bbox 1155 2220 1224 2256; x_wconf 88' lang='lat' dir='ltr'>per</span> <span class='ocrx_word' id='word_1_280' title='bbox 1246 2220 1298 2252; x_wconf 84' lang='lat' dir='ltr'>se,</span> <span class='ocrx_word' id='word_1_281' title='bbox 1324 2216 1418 2243; x_wconf 89' lang='lat' dir='ltr'>tunc</span> <span class='ocrx_word' id='word_1_282' title='bbox 1445 2206 1550 2243; x_wconf 87' lang='lat' dir='ltr'>idem</span> <span class='ocrx_word' id='word_1_283' title='bbox 1569 2205 1619 2242; x_wconf 90' lang='lat' dir='ltr'>sit</span> <span class='ocrx_word' id='word_1_284' title='bbox 1651 2204 1843 2242; x_wconf 90' lang='lat' dir='ltr'>iudicium</span> 
     </span>
     <span class='ocr_line' id='line_1_42' title="bbox 532 2262 1845 2316; baseline -0.003 -14"><span class='ocrx_word' id='word_1_285' title='bbox 532 2268 579 2304; x_wconf 88' lang='lat' dir='ltr'>de</span> <span class='ocrx_word' id='word_1_286' title='bbox 624 2266 826 2316; x_wconf 73' lang='lat' dir='ltr'>omnibus,</span> <span class='ocrx_word' id='word_1_287' title='bbox 874 2265 1056 2314; x_wconf 86' lang='lat' dir='ltr'>sequitur</span> <span class='ocrx_word' id='word_1_288' title='bbox 1089 2267 1196 2315; x_wconf 88' lang='lat' dir='ltr'>quod</span> <span class='ocrx_word' id='word_1_289' title='bbox 1242 2265 1437 2314; x_wconf 81' lang='lat' dir='ltr'>quelibet3</span> <span class='ocrx_word' id='word_1_290' title='bbox 1483 2272 1521 2300; x_wconf 89' lang='lat' dir='ltr'>et</span> <span class='ocrx_word' id='word_1_291' title='bbox 1565 2263 1619 2300; x_wconf 89' lang='lat' dir='ltr'>sic</span> <span class='ocrx_word' id='word_1_292' title='bbox 1663 2262 1845 2300; x_wconf 86' lang='lat' dir='ltr'>Christus</span> 
     </span>
     <span class='ocr_line' id='line_1_43' title="bbox 532 2319 1846 2372; baseline -0.002 -13"><span class='ocrx_word' id='word_1_293' title='bbox 532 2324 734 2361; x_wconf 85' lang='lat' dir='ltr'>habuisset</span> <span class='ocrx_word' id='word_1_294' title='bbox 769 2323 999 2361; x_wconf 89' lang='lat' dir='ltr'>civilitatem</span> <span class='ocrx_word' id='word_1_295' title='bbox 1033 2324 1073 2359; x_wconf 91' lang='lat' dir='ltr'>in</span> <span class='ocrx_word' id='word_1_296' title='bbox 1107 2323 1287 2372; x_wconf 89' lang='lat' dir='ltr'>pecuniis</span> <span class='ocrx_word' id='word_1_297' title='bbox 1321 2322 1395 2359; x_wconf 90' lang='lat' dir='ltr'>sibi</span> <span class='ocrx_word' id='word_1_298' title='bbox 1428 2321 1675 2372; x_wconf 76' lang='lat' dir='ltr'>ministratis,</span> <span class='ocrx_word' id='word_1_299' title='bbox 1721 2329 1757 2356; x_wconf 92' lang='lat' dir='ltr'>et</span> <span class='ocrx_word' id='word_1_300' title='bbox 1790 2319 1846 2356; x_wconf 86' lang='lat' dir='ltr'>sic</span> 
     </span>
     <span class='ocr_line' id='line_1_44' title="bbox 532 2376 1845 2433; baseline -0.004 -15"><span class='ocrx_word' id='word_1_301' title='bbox 532 2384 579 2418; x_wconf 88' lang='lat' dir='ltr'>de</span> <span class='ocrx_word' id='word_1_302' title='bbox 603 2382 789 2418; x_wconf 87' lang='lat' dir='ltr'>omnibus</span> <span class='ocrx_word' id='word_1_303' title='bbox 813 2381 1006 2430; x_wconf 90' lang='lat' dir='ltr'>apostolis</span> <span class='ocrx_word' id='word_1_304' title='bbox 1029 2382 1090 2419; x_wconf 89' lang='lat' dir='ltr'>vel</span> <span class='ocrx_word' id='word_1_305' title='bbox 1114 2380 1403 2419; x_wconf 85' lang='lat' dir='ltr'>elemosinariis</span> <span class='ocrx_word' id='word_1_306' title='bbox 1421 2376 1424 2433; x_wconf 69' lang='lat' dir='ltr'>l</span> <span class='ocrx_word' id='word_1_307' title='bbox 1441 2380 1502 2417; x_wconf 87' lang='lat' dir='ltr'>vel</span> <span class='ocrx_word' id='word_1_308' title='bbox 1531 2379 1656 2416; x_wconf 88' lang='lat' dir='ltr'>eciam</span> <span class='ocrx_word' id='word_1_309' title='bbox 1694 2377 1845 2414; x_wconf 89' lang='lat' dir='ltr'>mendi-</span> 
     </span>
     <span class='ocr_line' id='line_1_45' title="bbox 531 2437 1847 2490; baseline -0.004 -14"><span class='ocrx_word' id='word_1_310' title='bbox 531 2439 725 2484; x_wconf 83' lang='lat' dir='ltr'>cantibus,</span> <span class='ocrx_word' id='word_1_311' title='bbox 771 2441 879 2488; x_wconf 92' lang='lat' dir='ltr'>quod</span> <span class='ocrx_word' id='word_1_312' title='bbox 913 2449 971 2476; x_wconf 90' lang='lat' dir='ltr'>est</span> <span class='ocrx_word' id='word_1_313' title='bbox 1014 2440 1172 2490; x_wconf 77' lang='lat' dir='ltr'>falsum,</span> <span class='ocrx_word' id='word_1_314' title='bbox 1224 2439 1325 2476; x_wconf 89' lang='lat' dir='ltr'>sicut</span> <span class='ocrx_word' id='word_1_315' title='bbox 1368 2438 1511 2475; x_wconf 89' lang='lat' dir='ltr'>falsum</span> <span class='ocrx_word' id='word_1_316' title='bbox 1557 2446 1614 2474; x_wconf 85' lang='lat' dir='ltr'>est</span> <span class='ocrx_word' id='word_1_317' title='bbox 1659 2437 1765 2485; x_wconf 87' lang='lat' dir='ltr'>quod</span> <span class='ocrx_word' id='word_1_318' title='bbox 1800 2437 1847 2472; x_wconf 88' lang='lat' dir='ltr'>de</span> 
     </span>
     <span class='ocr_line' id='line_1_46' title="bbox 533 2494 1844 2543; baseline -0.004 -9"><span class='ocrx_word' id='word_1_319' title='bbox 533 2497 697 2534; x_wconf 87' lang='lat' dir='ltr'>minutis</span> <span class='ocrx_word' id='word_1_320' title='bbox 721 2498 944 2534; x_wconf 86' lang='lat' dir='ltr'>elemosinis</span> <span class='ocrx_word' id='word_1_321' title='bbox 970 2506 1026 2534; x_wconf 88' lang='lat' dir='ltr'>est</span> <span class='ocrx_word' id='word_1_322' title='bbox 1049 2499 1275 2534; x_wconf 91' lang='lat' dir='ltr'>dominacio</span> <span class='ocrx_word' id='word_1_323' title='bbox 1299 2497 1429 2543; x_wconf 82' lang='lat' dir='ltr'>civilis,</span> <span class='ocrx_word' id='word_1_324' title='bbox 1465 2495 1596 2532; x_wconf 85' lang='lat' dir='ltr'>deficit</span> <span class='ocrx_word' id='word_1_325' title='bbox 1626 2494 1729 2531; x_wconf 89' lang='lat' dir='ltr'>enim</span> <span class='ocrx_word' id='word_1_326' title='bbox 1765 2503 1844 2529; x_wconf 87' lang='lat' dir='ltr'>tam</span> 
     </span>
     <span class='ocr_line' id='line_1_47' title="bbox 531 2552 1847 2604; baseline -0.003 -13"><span class='ocrx_word' id='word_1_327' title='bbox 531 2557 568 2590; x_wconf 88' lang='lat' dir='ltr'>in</span> <span class='ocrx_word' id='word_1_328' title='bbox 613 2556 731 2592; x_wconf 89' lang='lat' dir='ltr'>dante</span> <span class='ocrx_word' id='word_1_329' title='bbox 777 2568 897 2604; x_wconf 90' lang='lat' dir='ltr'>quam</span> <span class='ocrx_word' id='word_1_330' title='bbox 944 2557 1156 2604; x_wconf 90' lang='lat' dir='ltr'>recipiente</span> <span class='ocrx_word' id='word_1_331' title='bbox 1190 2555 1320 2591; x_wconf 88' lang='lat' dir='ltr'>forma</span> <span class='ocrx_word' id='word_1_332' title='bbox 1354 2555 1447 2602; x_wconf 81' lang='lat' dir='ltr'>legis</span> <span class='ocrx_word' id='word_1_333' title='bbox 1480 2553 1610 2599; x_wconf 84' lang='lat' dir='ltr'>civilis,</span> <span class='ocrx_word' id='word_1_334' title='bbox 1659 2564 1748 2589; x_wconf 86' lang='lat' dir='ltr'>cum</span> <span class='ocrx_word' id='word_1_335' title='bbox 1788 2552 1847 2587; x_wconf 86' lang='lat' dir='ltr'>lex</span> 
     </span>
    </p>
   </div>
   <div class='ocr_carea' id='block_1_9' title="bbox 1859 884 1898 904">
    <p class='ocr_par' dir='ltr' id='par_1_9' title="bbox 1859 884 1898 904">
     <span class='ocr_line' id='line_1_48' title="bbox 1859 884 1898 904; baseline 0 0"><span class='ocrx_word' id='word_1_336' title='bbox 1859 884 1898 904; x_wconf 91' lang='lat'>10</span> 
     </span>
    </p>
   </div>
   <div class='ocr_carea' id='block_1_10' title="bbox 1890 1045 1969 1089">
    <p class='ocr_par' dir='ltr' id='par_1_10' title="bbox 1890 1045 1969 1089">
     <span class='ocr_line' id='line_1_49' title="bbox 1890 1045 1969 1089; baseline 0 -10"><span class='ocrx_word' id='word_1_337' title='bbox 1890 1045 1969 1089; x_wconf 74' lang='lat'>167‘1</span> 
     </span>
    </p>
   </div>
   <div class='ocr_carea' id='block_1_11' title="bbox 1864 1164 1898 1197">
    <p class='ocr_par' dir='ltr' id='par_1_11' title="bbox 1864 1164 1898 1197">
     <span class='ocr_line' id='line_1_50' title="bbox 1864 1164 1898 1197; baseline 0 0"><span class='ocrx_word' id='word_1_338' title='bbox 1864 1164 1898 1197; x_wconf 82' lang='lat'>15</span> 
     </span>
    </p>
   </div>
   <div class='ocr_carea' id='block_1_12' title="bbox 1860 1463 1900 1483">
    <p class='ocr_par' dir='ltr' id='par_1_12' title="bbox 1860 1463 1900 1483">
     <span class='ocr_line' id='line_1_51' title="bbox 1860 1463 1900 1483; baseline 0 0"><span class='ocrx_word' id='word_1_339' title='bbox 1860 1463 1900 1483; x_wconf 86' lang='lat'>20</span> 
     </span>
    </p>
   </div>
   <div class='ocr_carea' id='block_1_13' title="bbox 1863 2262 1963 2353">
    <p class='ocr_par' dir='ltr' id='par_1_13' title="bbox 1863 2262 1963 2353">
     <span class='ocr_line' id='line_1_52' title="bbox 1890 2262 1963 2294; baseline 0 -1"><span class='ocrx_word' id='word_1_340' title='bbox 1890 2262 1963 2294; x_wconf 60' lang='lat'>168*</span> 
     </span>
     <span class='ocr_line' id='line_1_53' title="bbox 1863 2321 1902 2353; baseline 0 0"><span class='ocrx_word' id='word_1_341' title='bbox 1863 2321 1902 2353; x_wconf 74' lang='lat'>35</span> 
     </span>
    </p>
   </div>
   <div class='ocr_carea' id='block_1_14' title="bbox 532 2610 1906 2661">
    <p class='ocr_par' dir='ltr' id='par_1_14' title="bbox 532 2610 1906 2661">
     <span class='ocr_line' id='line_1_54' title="bbox 532 2610 1906 2661; baseline -0.004 -12"><span class='ocrx_word' id='word_1_342' title='bbox 532 2613 757 2661; x_wconf 87' lang='lat' dir='ltr'>evangelica</span> <span class='ocrx_word' id='word_1_343' title='bbox 802 2615 918 2650; x_wconf 89' lang='lat' dir='ltr'>docet</span> <span class='ocrx_word' id='word_1_344' title='bbox 964 2615 1059 2650; x_wconf 89' lang='lat' dir='ltr'>dare</span> <span class='ocrx_word' id='word_1_345' title='bbox 1104 2614 1362 2650; x_wconf 87' lang='lat' dir='ltr'>elemosinam</span> <span class='ocrx_word' id='word_1_346' title='bbox 1397 2620 1434 2648; x_wconf 94' lang='lat' dir='ltr'>et</span> <span class='ocrx_word' id='word_1_347' title='bbox 1466 2611 1525 2648; x_wconf 85' lang='lat' dir='ltr'>lex</span> <span class='ocrx_word' id='word_1_348' title='bbox 1558 2618 1698 2647; x_wconf 87' lang='lat' dir='ltr'>nature</span> <span class='ocrx_word' id='word_1_349' title='bbox 1731 2610 1848 2645; x_wconf 85' lang='lat' dir='ltr'>docet</span> <span class='ocrx_word' id='word_1_350' title='bbox 1862 2620 1906 2651; x_wconf 87' lang='lat'>40</span> 
     </span>
    </p>
   </div>
   <div class='ocr_carea' id='block_1_15' title="bbox 532 2672 969 2719">
    <p class='ocr_par' dir='ltr' id='par_1_15' title="bbox 532 2672 969 2719">
     <span class='ocr_line' id='line_1_55' title="bbox 532 2672 969 2719; baseline 0 -12"><span class='ocrx_word' id='word_1_351' title='bbox 532 2683 658 2718; x_wconf 84' lang='lat' dir='ltr'>egenu</span> <span class='ocrx_word' id='word_1_352' title='bbox 667 2684 700 2707; x_wconf 90' lang='lat' dir='ltr'>m</span> <span class='ocrx_word' id='word_1_353' title='bbox 737 2672 788 2707; x_wconf 88' lang='lat' dir='ltr'>sic</span> <span class='ocrx_word' id='word_1_354' title='bbox 821 2680 969 2719; x_wconf 89' lang='lat' dir='ltr'>petere.</span> 
     </span>
    </p>
   </div>
   <div class='ocr_carea' id='block_1_16' title="bbox 603 2781 1456 2818">
    <p class='ocr_par' dir='ltr' id='par_1_16' title="bbox 603 2781 1456 2818">
     <span class='ocr_line' id='line_1_56' title="bbox 603 2781 1456 2818; baseline -0.002 -9"><span class='ocrx_word' id='word_1_355' title='bbox 603 2789 645 2815; x_wconf 67' lang='lat'>14.</span> <span class='ocrx_word' id='word_1_356' title='bbox 666 2782 886 2810; x_wconf 81' lang='lat' dir='ltr'>denominatur</span> <span class='ocrx_word' id='word_1_357' title='bbox 906 2782 936 2809; x_wconf 90' lang='lat' dir='ltr'>in</span> <span class='ocrx_word' id='word_1_358' title='bbox 958 2790 1072 2818; x_wconf 81' lang='lat' dir='ltr'>marg.;</span> <span class='ocrx_word' id='word_1_359' title='bbox 1094 2782 1123 2809; x_wconf 86' lang='lat' dir='ltr'>in</span> <span class='ocrx_word' id='word_1_360' title='bbox 1145 2786 1244 2809; x_wconf 81' lang='lat' dir='ltr'>textu:</span> <span class='ocrx_word' id='word_1_361' title='bbox 1268 2781 1456 2809; x_wconf 79' lang='lat' dir='ltr'>dominatur.</span> 
     </span>
    </p>
   </div>
   <div class='ocr_carea' id='block_1_17' title="bbox 605 2853 1144 2895">
    <p class='ocr_par' dir='ltr' id='par_1_17' title="bbox 605 2853 1144 2895">
     <span class='ocr_line' id='line_1_57' title="bbox 605 2853 1144 2895; baseline 0 -11"><span class='ocrx_word' id='word_1_362' title='bbox 605 2863 658 2884; x_wconf 82' lang='lat'>20.</span> <span class='ocrx_word' id='word_1_363' title='bbox 685 2853 777 2895; x_wconf 84' lang='lat' dir='ltr'>Opp.</span> <span class='ocrx_word' id='word_1_364' title='bbox 803 2859 885 2884; x_wconf 88' lang='lat' dir='ltr'>tom.</span> <span class='ocrx_word' id='word_1_365' title='bbox 911 2853 934 2894; x_wconf 71' lang='lat' dir='ltr'>l7</span> <span class='ocrx_word' id='word_1_366' title='bbox 960 2863 1038 2895; x_wconf 85' lang='lat' dir='ltr'>pag.</span> <span class='ocrx_word' id='word_1_367' title='bbox 1071 2862 1144 2884; x_wconf 86' lang='lat'><em>121.</em></span> 
     </span>
    </p>
   </div>
  </div>
 </body>
</html>
