2050 3292
184 254 269 293 470

207 1012 383 1047 Preferring
403 1020 419 1039 a

202 1047 259 1074 bad
283 1047 378 1081 priest
397 1048 423 1074 is

188 1082 249 1109 like
270 1081 401 1117 sending
420 1091 436 1109 a

222 1116 409 1144 discredited

207 1151 422 1179 ambassador.

901 251 960 282 DE
991 251 1127 282 CIVILI
1154 251 1366 284 DOMINIO.
1561 238 1669 296 [CAP-
1691 250 1786 278 XXII·

473 369 492 393 o
525 358 762 395 sacerdotes.
798 356 842 392 Si
872 356 1072 394 nolueritis
1105 358 1254 404 audire,
1289 365 1324 394 et
1354 357 1389 394 si
1409 359 1613 395 nolueritis
1639 371 1786 408 ponere

469 427 588 464 super
620 427 700 459 cor,
755 422 795 450 ut
828 415 926 451 detis
956 415 1129 466 gloriam
1163 415 1309 452 nomini
1338 428 1434 461 meo,
1469 417 1618 452 mittam
1652 417 1687 453 in
1720 430 1786 454 vos

471 480 696 523 egestatem,
732 480 767 508 et
791 473 1018 509 maledicam
1052 474 1384 510 benediccionibus
1408 475 1558 513 vestris.
1595 476 1643 510 Et
1676 484 1785 523 patet

470 530 595 567 tercio
647 531 827 567 notando
882 532 1087 579 quomodo
1132 531 1173 567 in
1222 531 1331 568 festis
1375 532 1436 568 vel
1482 544 1524 568 ex
1568 533 1680 569 lucro
1724 534 1784 569 vel

471 588 736 625 ecclesiastice
790 587 1103 625 ministracionis
1155 589 1344 637 precipue
1396 598 1565 638 pascunt
1609 599 1783 636 ventres3

470 647 587 694 plane
619 648 687 683 sed
716 648 940 683 verecunde
973 647 1170 695 loquitur:
1205 647 1457 697 Dispergain,
1490 648 1635 697 inquit,
1668 661 1786 698 super

471 705 617 739 vultum
643 712 811 740 vestrum
827 712 977 741 stercus
998 705 1268 741 solennitatum
1288 713 1530 751 vestrarum;
1553 715 1590 743 et
1606 707 1785 754 sequitur

470 775 544 810 pro
577 761 712 798 officio
744 764 1020 799 sacerdotum:
1061 763 1161 799 labia
1194 763 1292 799 enim
1323 764 1540 800 sacerdotis
1572 765 1785 800 custodient

469 819 672 856 scienciam
706 827 741 856 et
785 821 909 870 legem
955 821 1152 869 requirent
1191 821 1237 857 ale
1269 833 1337 857 ore
1371 821 1462 871 eius,
1501 822 1589 871 quia
1622 823 1786 872 angelus

468 878 631 913 Domini
672 879 912 914 exercituum
946 886 1011 914 est.
1065 878 1190 914 Aliter
1234 879 1338 915 enim
1384 892 1464 915 non
1511 888 1567 916 est
1599 882 1786 916 sacerdos

469 935 544 971 nisi
579 935 783 983 equivoce.
838 938 953 973 Unde
985 936 1143 973 videtur
1175 948 1259 974 esse
1293 938 1340 973 de
1373 936 1654 974 affectantibus
1686 939 1785 974 tales

469 993 708 1041 prepositos,
755 994 857 1030 sicut
889 995 992 1031 foret
1037 996 1084 1031 de
1129 995 1251 1031 stulto
1285 994 1352 1043 qui
1392 995 1541 1032 habens
1575 995 1783 1032 inimicum

471 1051 683 1099 capitalem
718 1051 842 1099 gratis
876 1065 1066 1089 corruens
1099 1064 1140 1089 se
1171 1052 1370 1089 subiceret
1396 1065 1464 1089 sue
1488 1055 1693 1101 potestati3
1729 1061 1785 1090 est

469 1118 601 1146 autem
647 1119 837 1157 peccator
882 1119 919 1146 et
951 1110 1176 1158 specialiter
1209 1110 1276 1159 qui
1310 1124 1354 1148 ex
1382 1107 1386 1161 l
1416 1111 1555 1148 alciori
1590 1111 1785 1160 dignitate

468 1167 594 1214 magis
638 1167 852 1215 proficeret
897 1168 1092 1204 maximus
1125 1168 1311 1205 inimicus
1346 1169 1473 1206 eciam
1507 1169 1581 1205 sibi
1614 1169 1703 1218 ipsi,
1748 1178 1785 1205 et

467 1234 659 1273 patronus
702 1226 763 1262 vel
807 1235 1017 1273 promotor
1061 1235 1228 1274 peccato
1273 1239 1345 1262 suo
1392 1227 1652 1264 consenciens
1691 1227 1785 1264 facit

466 1292 675 1330 peccatum
716 1284 1007 1331 symoniacum,
1054 1286 1275 1321 secundum
1321 1287 1430 1333 quod
1468 1294 1669 1333 prestatur
1701 1298 1785 1322 esse

466 1354 602 1386 suum;
636 1343 745 1389 quod
774 1350 907 1377 autem
941 1355 1022 1378 non
1054 1343 1173 1378 sentit
1206 1343 1281 1379 hoc
1315 1355 1545 1391 gravamen,
1579 1352 1636 1380 est
1669 1343 1784 1391 spiri-

466 1400 581 1434 tualis
625 1399 836 1436 insensitas
880 1401 941 1436 vel
985 1400 1162 1448 prurigo,
1210 1400 1300 1437 ideo
1349 1414 1460 1437 more
1504 1400 1677 1438 scabiosi
1717 1410 1785 1437 aut

465 1457 660 1493 vulnerati
693 1457 836 1505 scalpit
868 1459 1009 1494 vulnus
1042 1459 1148 1506 quod
1168 1466 1257 1505 post
1298 1468 1467 1495 mortem
1501 1459 1619 1495 sentit
1651 1472 1784 1507 asper-

466 1515 583 1550 rime:
631 1515 784 1551 Subicit
823 1525 956 1551 autem
999 1528 1039 1553 se
1071 1516 1322 1552 iurisdicioni
1362 1517 1452 1553 talis
1486 1517 1679 1565 prepositi
1713 1516 1779 1565 qui

465 1585 578 1608 suam
624 1572 867 1609 iniusticiam
915 1583 951 1610 et
996 1574 1124 1621 legem
1171 1574 1331 1621 dyaboli
1377 1573 1472 1611 dicit
1516 1574 1589 1612 sibi
1623 1575 1780 1611 assidue

465 1630 689 1678 postposita
722 1631 806 1678 lege
840 1631 1000 1668 Christi.
1056 1632 1153 1677 Quis
1192 1632 1313 1680 igitur
1346 1645 1426 1669 non
1465 1632 1600 1669 insons
1633 1632 1780 1669 consti-

465 1697 593 1724 tueret
625 1689 745 1725 talem
780 1689 996 1725 nunccium
1043 1691 1093 1726 ad
1138 1691 1302 1726 domum
1339 1690 1401 1726 cui
1440 1690 1514 1727 scit
1546 1690 1677 1739 ipsum
1711 1692 1780 1727 do-

466 1745 620 1781 minum
666 1759 823 1783 summe
868 1747 1063 1784 offensum
1111 1748 1212 1784 sicut
1257 1756 1294 1784 et
1327 1747 1415 1794 sibi,
1461 1748 1556 1797 quia
1588 1750 1691 1785 hunc
1725 1748 1780 1785 sic

465 1803 637 1840 destinat
680 1806 730 1840 ad
774 1805 1039 1852 placandum3
1085 1807 1135 1842 ad
1180 1815 1335 1842 tantum
1371 1806 1533 1854 quidem
1568 1806 1779 1843 dominum

465 1861 724 1898 destinandus
769 1872 826 1898 est
870 1876 951 1899 non
995 1876 1144 1908 scurra,
1193 1877 1273 1900 non
1319 1864 1441 1900 hostis
1487 1864 1651 1909 domini,
1699 1877 1780 1900 non

464 1920 607 1963 nudus,
653 1921 900 1968 deturpatus,
946 1921 1135 1957 deformis
1174 1923 1233 1958 vel
1277 1921 1434 1958 notorie
1479 1921 1666 1968 furiosus,
1712 1923 1780 1958 sed

465 1977 709 2014 honorabilis
752 1978 911 2024 virtute,
965 1979 1214 2015 condicionis
1267 1979 1463 2027 opposite,
1520 1979 1611 2028 quia
1665 1980 1779 2016 aliter

464 2044 675 2082 peccatum
708 2049 823 2072 suum
858 2045 1054 2084 gravaret,
1088 2050 1133 2073 ac
1157 2038 1187 2073 si
1212 2037 1300 2085 quis
1324 2050 1364 2074 se
1388 2037 1519 2085 ipsum
1544 2037 1584 2074 in
1617 2037 1779 2074 lascivia

463 2093 668 2129 voluntate
701 2094 1023 2141 profundaretur.
1527 2139 1531 2142 ,

522 2153 569 2186 Et
603 2151 864 2188 conformiter
897 2161 954 2188 est
986 2154 1033 2189 de
1067 2152 1187 2188 divite
1210 2161 1452 2201 procurante
1475 2153 1535 2190 vel
1558 2153 1777 2190 sustinente

464 2208 695 2245 huiusmodi
741 2210 1066 2246 elemosinarium
1112 2219 1327 2254 oratorem,
1382 2223 1475 2247 nam
1520 2220 1689 2260 uterque
1735 2224 1778 2247 ex

464 2279 660 2302 consensu
684 2267 839 2314 peccati
862 2267 1018 2315 peiorat
1041 2268 1239 2316 reliquum
1265 2278 1302 2304 et
1319 2268 1582 2317 dampnificat
1606 2278 1775 2306 matrem

464 2324 686 2368 ecclesiam,
723 2338 811 2361 curn
842 2334 1031 2373 procurat
1054 2327 1389 2374 dampnacionem
1414 2326 1618 2374 propriam
1653 2327 1776 2375 gratis

463 2390 499 2417 et
521 2381 728 2419 offendens
752 2384 884 2419 Deum
909 2392 951 2419 ut
979 2383 1134 2432 puniat,
1168 2397 1213 2421 ac
1246 2384 1276 2420 si
1311 2397 1409 2420 uxor
1441 2385 1623 2421 adultera
1655 2384 1777 2432 gratis

462 2439 591 2475 irritet
635 2436 885 2492 sompinum
920 2450 962 2477 ut
1007 2442 1224 2488 percuciat.
1280 2444 1406 2479 Grave
1444 2442 1581 2490 itaque
1619 2442 1777 2478 videtur

460 2506 594 2544 preter
626 2498 819 2535 offensam
854 2498 1059 2547 propriam
1095 2499 1358 2537 offensionem
1384 2499 1457 2536 Dei
1491 2508 1528 2536 et
1560 2500 1777 2537 deteriora—

463 2553 616 2591 cionem
654 2555 868 2593 maximam
904 2565 940 2593 et
973 2556 1141 2593 aliorum
1176 2557 1329 2594 facinus
1362 2570 1593 2606 procurare.

531 2708 554 2726 2.
578 2700 672 2728 Cod.=
696 2702 725 2728 in
747 2703 842 2729 vobis.
943 2703 971 2730 8.
993 2703 1088 2730 Cod.:
1118 2704 1303 2731 custodiunt.
1396 2704 1437 2731 16.
1467 2703 1560 2732 Cod.:
1592 2704 1774 2731 consenct‘es.

460 2733 504 2762 23.
534 2735 650 2773 insons.
680 2736 775 2764 Cod.:
798 2737 828 2764 in
848 2738 945 2764 sanis.
1077 2737 1121 2774 37.
1142 2746 1312 2773 sompnum.
1351 2739 1362 2765 I
1390 2746 1526 2773 suppose
1547 2750 1578 2761 =
1599 2738 1775 2772 citatorem3

460 2770 592 2805 Angllce
618 2779 794 2805 sompnour
814 2771 995 2805 (Matthew).

531 2851 561 2883 6.
590 2852 735 2886 Malach.
762 2853 799 2895 ΙΙ,
830 2855 858 2886 3.
955 2853 986 2886 8.
1012 2855 1097 2886 Ibid.
1125 2855 1161 2895 ΙΙ,
1190 2865 1219 2897 7.

1806 892 1843 912 10

1829 1116 1905 1156 190c

1805 1170 1841 1202 15

1801 1468 1843 1490 20

1797 1748 1836 1780 25

1797 2038 1838 2069 ΞΟ
