2050 3292
200 230 283 269 550

287 1657 315 1684 A
335 1664 405 1684 man

202 1692 347 1721 commits
366 1689 476 1718 mortal

914 227 973 258 DE
1000 226 1136 258 CIVILI
1162 226 1373 258 DOMINIO.
1557 214 1668 269 [CAP-
1688 223 1799 251 XXIV.

487 334 628 372 Moral.
660 345 779 380 super
811 332 879 368 illo
902 333 974 368 Job
997 332 1209 378 XXXVIII,
1236 343 1257 380 5
1294 332 1353 368 vel
1384 332 1466 380 quis
1498 332 1655 368 tetendit
1683 344 1802 381 super

487 404 569 427 eam
614 392 752 426 lineam
799 390 958 438 exponit
1010 390 1280 428 conformiter.
1341 391 1454 426 Unde
1507 389 1801 438 quantumlibet

488 448 702 485 mundialis
747 449 897 484 habens
936 455 1294 495 quantumcunque
1334 447 1607 484 inordinatum
1654 460 1801 495 propo-

488 507 605 543 situm
640 506 745 550 dicit,
780 507 886 553 quod
919 504 976 541 sic
1008 504 1179 541 intendit
1213 504 1385 541 finaliter
1418 513 1581 553 propter
1604 506 1799 541 honorem

489 564 678 609 divinum,
712 563 804 599 licet
828 562 897 598 fiat
930 575 1111 610 expresse
1141 562 1179 598 in
1204 562 1275 599 Dei
1300 571 1589 610 contemptum,
1624 562 1725 599 sicut
1759 563 1835 599 fit5

489 634 607 658 omne
653 621 802 657 factum
848 629 987 656 contra
1021 620 1092 656 Dei
1127 620 1338 656 consilium
1383 621 1443 656 vel
1490 621 1724 656 mandatum
1760 633 1803 657 ex

489 688 597 716 certa
629 677 814 722 sciencia,
857 677 951 726 quia
983 679 1202 714 secundum
1236 680 1393 714 beatum
1427 680 1685 725 Jeronymum
1722 678 1803 726 epi-

488 737 588 773 stola
623 737 807 782 LXXXV,
853 743 1012 785 apertus
1057 744 1294 785 contemptus
1327 736 1403 771 Dei
1445 744 1500 772 est
1533 736 1675 784 facere
1709 749 1803 785 pro-

489 795 607 830 hibita
638 801 705 829 aut
737 794 840 830 iussa
875 806 946 830 non
981 794 1136 842 facere.
1191 795 1290 830 Cum
1331 793 1450 841 igitur
1495 796 1600 830 Deus
1633 794 1804 842 precipit

488 851 787 900 simplicitatem
813 851 918 888 oculi
942 860 978 887 et
1001 850 1188 899 prohibet
1212 851 1294 888 eius
1322 851 1612 899 duplicitatem,
1646 851 1804 888 videtur
1824 865 1862 886 10

488 911 596 958 quod
620 909 660 945 in
684 910 810 946 altero
835 908 1001 945 istorum
1026 908 1258 958 delinquere
1281 908 1331 945 sit
1349 911 1475 945 Deurn
1501 918 1802 958 contempnere3

489 981 577 1004 cum
632 967 753 1015 igitur
805 967 936 1003 omnis
989 967 1155 1015 diligens
1208 967 1372 1015 aliquod
1425 976 1604 1004 creatum
1665 964 1801 1020 extra}

488 1025 669 1062 ordinem
717 1027 767 1061 ad
801 1027 929 1061 Deum
974 1025 1147 1061 finaliter
1192 1025 1437 1073 diligendum
1484 1026 1603 1061 habet
1642 1025 1805 1062 oculum
1844 1030 1924 1061 223⁰

489 1083 703 1131 duplicem,
729 1083 885 1119 videtur
901 1095 1061 1119 omnem
1086 1083 1206 1119 talem
1231 1083 1462 1131 delinquere
1486 1096 1529 1119 ex
1552 1091 1802 1131 contemptu,

490 1141 581 1189 quia
627 1149 767 1177 contra
811 1141 986 1189 primum
1035 1142 1282 1186 mandatum,
1336 1143 1428 1177 dum
1479 1140 1607 1188 diligit
1652 1140 1802 1189 aliquid
1823 1144 1860 1175 15

491 1207 631 1236 contra
664 1201 791 1235 Deum
826 1198 866 1234 in
898 1201 1103 1247 peccando
1137 1212 1256 1247 supra
1290 1199 1511 1235 Dominum
1551 1199 1589 1235 in
1623 1212 1803 1236 amorem

490 1270 605 1293 suum
638 1258 919 1305 postponendo
953 1265 989 1293 et
1023 1266 1130 1293 extra
1153 1258 1370 1294 Dominum
1405 1256 1445 1293 in
1479 1269 1657 1293 amorem
1682 1257 1802 1293 talem

490 1316 540 1351 ad
571 1314 645 1351 Dei
690 1314 949 1352 dileccionem
995 1328 1076 1351 non
1120 1315 1359 1352 ordinando.
1415 1317 1519 1351 Deus
1565 1314 1669 1351 enirn
1710 1314 1804 1351 dicit

492 1372 612 1409 michi
659 1374 767 1420 quod
812 1385 884 1421 pro
929 1367 1067 1409 amore
1100 1386 1170 1409 suo
1204 1386 1283 1409 non
1315 1373 1371 1410 sic
1416 1373 1576 1419 faciam,
1623 1381 1805 1410 creatura

490 1431 682 1467 inducens
717 1443 779 1467 me
810 1432 840 1467 si
864 1431 896 1466 ei
920 1430 1131 1467 consencio
1155 1431 1251 1467 dicit
1278 1431 1396 1468 michi
1420 1433 1527 1479 quod
1551 1432 1601 1467 ob
1624 1443 1802 1468 amorem
1822 1444 1863 1465 20

490 1488 549 1524 sui
595 1489 651 1525 sic
695 1488 853 1534 faciam,
899 1488 989 1525 ideo
1034 1489 1329 1526 consenciendo
1363 1498 1545 1525 creature
1578 1491 1662 1526 Deo
1702 1496 1805 1537 post-

491 1545 623 1594 posito
675 1545 810 1583 incido
862 1546 900 1582 in
953 1546 1069 1583 istam
1124 1547 1323 1595 triplicem
1384 1546 1604 1584 maneriem
1666 1559 1805 1595 pecca-

492 1613 639 1641 torum.

551 1664 604 1698 Ex
637 1661 722 1698 istis
754 1661 912 1698 videtur
957 1663 1066 1711 quod
1099 1662 1229 1699 omnis
1263 1674 1444 1710 expresse
1471 1662 1600 1699 sciens
1622 1662 1683 1698 vel
1705 1661 1806 1699 scire

203 1728 249 1756 sin
270 1727 295 1755 if
312 1727 349 1754 he
369 1725 476 1760 rejects
493 1721 639 1756 debens
671 1721 743 1756 sub
777 1732 880 1768 pena
914 1720 1095 1757 mortalis
1119 1719 1333 1769 quicquam
1361 1733 1444 1757 esse
1468 1720 1543 1757 sibi
1576 1720 1804 1757 faciendum
1823 1722 1862 1755 25

238 1771 297 1825 anty
306 1761 442 1825 &plu-nse]

255 1806 272 1824 o
357 1805 399 1824 ris
417 1818 422 1823 .

493 1779 539 1814 de
574 1778 719 1815 Christi
754 1777 921 1814 consilio
954 1779 1013 1815 vel
1060 1779 1250 1815 mandato
1294 1791 1375 1815 non
1419 1778 1620 1829 faciendo,
1666 1786 1806 1826 peccat

494 1835 734 1879 mortaliter;
789 1835 886 1872 illud
939 1844 1049 1884 patet
1102 1836 1157 1872 eis
1209 1836 1277 1884 qui
1330 1836 1478 1880 dicunt,
1533 1836 1641 1885 quod
1688 1848 1807 1872 omne

492 1893 639 1930 Christi
685 1893 895 1930 consilium
943 1903 999 1930 est
1045 1895 1281 1931 mandatum
1326 1903 1363 1931 et
1396 1903 1573 1941 econtra,
1620 1906 1666 1930 eo
1699 1895 1807 1942 quod

491 1964 610 1988 omne
642 1951 853 1989 consilium
889 1952 961 1988 Dei
996 1952 1223 1989 continetur
1262 1961 1305 1988 ut
1337 1965 1429 2000 pars
1468 1951 1637 1989 alicuius
1670 1953 1805 1988 decem

492 2011 791 2059 mandatorum,
825 2018 868 2046 ut
902 2009 1114 2046 consilium
1139 2009 1285 2047 Christi
1318 2010 1518 2059 loquentis
1551 2010 1591 2046 in
1624 2010 1807 2058 apostolo
1824 2013 1866 2045 30

492 2076 549 2104 est
582 2069 689 2116 quod
723 2068 849 2104 omnia
882 2076 1014 2104 nostra
1042 2068 1141 2116 fiant
1173 2068 1208 2104 in
1242 2069 1404 2104 caritate
1441 2069 1493 2104 ad
1527 2068 1700 2119 gloriam
1734 2067 1812 2104 Dei

562 2257 582 2275 1.
604 2247 699 2275 Cod.:
725 2247 849 2275 tetendi.
923 2256 949 2283 7.
972 2248 1067 2275 Cod.:
1095 2248 1216 2275 beatum
1235 2247 1341 2274 P'nim.
1370 2247 1466 2274 Error
1487 2256 1543 2281 pro
1562 2248 1652 2275 J’nim
1671 2259 1703 2271 =
1722 2248 1807 2276 Jero-

491 2291 621 2318 nymum.
694 2290 739 2310 20.
759 2283 828 2310 cod.
847 2283 906 2310 tihi
923 2283 1094 2310 concencio.
1168 2290 1210 2310 22.
1235 2281 1329 2310 Cod.:
1351 2282 1527 2310 incidendo.

561 2366 591 2398 8.
620 2366 702 2397 Sine
729 2365 836 2397 dubio
863 2365 957 2398 hunc
983 2367 1101 2398 locum
1129 2366 1160 2396 in
1181 2365 1340 2407 Epistola
1358 2366 1406 2397 St.
1424 2366 1605 2408 Jeronymi
1625 2366 1667 2397 ad
1687 2365 1809 2397 Celan-

492 2413 574 2444 tiam
602 2413 775 2443 invenies:
808 2413 870 2443 Ex
901 2422 968 2454 quo
1001 2415 1152 2454 apparet
1178 2422 1239 2444 nec
1266 2412 1440 2444 honorari
1471 2412 1514 2443 ab
1540 2413 1589 2444 eis
1618 2412 1808 2444 Dominum

493 2468 554 2491 nec
579 2459 696 2491 timeri
722 2459 780 2500 qui
805 2459 879 2491 eius
903 2463 1097 2500 praecepta
1126 2468 1193 2490 non
1209 2459 1368 2500 faciunt.
1396 2458 1439 2490 Et
1456 2458 1561 2491 infra:
1590 2458 1670 2490 Duo
1690 2461 1808 2490 autem

491 2509 573 2537 sunt
597 2514 730 2547 genera
756 2505 1009 2537 mandatorum
1039 2505 1073 2536 in
1100 2505 1223 2546 quibus
1248 2504 1433 2537 clauditur
1458 2509 1533 2536 tota
1561 2504 1699 2536 iustitia
1723 2514 1809 2546 pro-

492 2551 635 2583 hibendi
672 2561 791 2590 unum,
834 2551 977 2583 iubendi
1013 2551 1354 2584 alterum...Hoc
1391 2550 1528 2591 duplex
1565 2550 1811 2592 diversumque

486 2601 718 2639 praeceptum
740 2597 956 2639 prohibendi
981 2597 1111 2629 scilicet
1136 2601 1171 2628 et
1196 2596 1401 2639 imperandi
1417 2607 1529 2639 aequo
1553 2597 1714 2629 omnibus
1734 2596 1810 2629 iure

494 2644 704 2674 mandatum
732 2648 783 2676 est
802 2670 809 2676 .
830 2669 835 2675 .
858 2669 865 2676 .
885 2643 922 2675 In
949 2643 1070 2686 quovis
1083 2644 1271 2685 proposito
1290 2670 1295 2676 .
1317 2668 1323 2675 .
1344 2668 1351 2675 .
1370 2643 1519 2685 aequale
1546 2648 1733 2685 peccatum
1760 2647 1811 2675 est

493 2690 546 2721 vel
566 2690 749 2730 prohibita
777 2690 971 2722 admittere
996 2691 1049 2722 vel
1075 2690 1170 2721 iussa
1197 2699 1264 2721 non
1289 2691 1430 2732 facere.
1474 2689 1522 2720 Et
1552 2699 1639 2721 sane
1682 2689 1810 2728 nescio,

492 2745 538 2767 an
571 2736 748 2776 possimus
784 2737 858 2768 leve
894 2736 1042 2778 aliquod
1071 2739 1258 2777 peccatum
1296 2736 1416 2768 dicere
1452 2736 1545 2777 quod
1571 2737 1606 2767 in
1633 2735 1703 2768 Dei
1728 2745 1810 2768 con-

494 2786 664 2823 temptum
692 2781 908 2814 admittitur.
937 2783 1028 2824 Opp.
1055 2789 1140 2815 tom.
1161 2783 1183 2826 Ι,
1211 2792 1288 2823 pag.
1314 2780 1501 2824 128—129.
1599 2789 1652 2821 31.
1680 2782 1701 2813 I.
1730 2782 1810 2813 Cor.

494 2828 583 2868 XVI,
609 2838 656 2869 ¹4·
