2050 3292
207 218 289 267 654

257 342 435 375 Summary.

251 1266 348 1301 cnap.
371 1265 451 1293 xlv.

267 2309 365 2343 Chap.
387 2307 454 2336 XV.

925 225 984 256 DE
1011 224 1146 256 cwiti
1173 224 1385 256 DOMINIO.
1560 211 1675 266 [CAP.
1689 221 1815 250 xxvn.

499 343 582 367 esse
617 329 836 376 meritoria,
870 338 907 366 et
940 330 1185 366 declarando
1218 331 1423 379 quomodo
1456 330 1668 367 occasione
1701 329 1816 366 huius

498 389 719 425 secundum
764 396 843 424 tres
888 389 1035 435 gradus
1080 387 1213 424 clerici
1247 388 1500 425 declinarunt
1539 389 1589 425 ad
1621 388 1814 431 seculum,

498 445 672 483 ostendit
705 458 748 482 ex
780 445 985 482 sentencia
1019 446 1289 483 Ardmachani
1327 455 1365 482 et
1397 445 1560 483 racione
1597 454 1688 483 octo
1722 458 1816 482 con-

500 503 713 549 clusiones,
754 516 925 551 quarum
965 516 1045 540 una
1083 513 1142 540 est
1174 505 1283 552 quod
1322 512 1401 541 stat
1440 503 1629 540 clericum
1669 505 1816 540 habere

499 562 697 610 quotlibet
729 560 970 609 temporalia
1002 569 1120 610 atque
1153 561 1333 598 dominia
1364 561 1453 599 sine
1475 561 1609 599 clerici
1633 561 1848 599 domina-5

500 621 610 656 cione
643 628 799 656 servata
832 619 1025 656 altissima
1055 627 1304 667 paupertate.
1353 620 1404 656 Et
1434 619 1577 656 ultima
1612 618 1816 656 conclusio

500 686 557 714 est
581 678 689 725 quod
713 689 852 714 omnes
875 678 1001 714 sancti
1024 677 1155 714 clerici
1179 685 1349 714 renuent
1370 678 1621 714 dotacionem
1646 677 1814 722 civilem,

500 737 548 772 de
581 747 655 772 usu
689 743 725 771 et
756 734 930 771 naturali
955 734 1132 771 dominio
1166 735 1401 778 contentati‚
1434 737 1543 784 quod
1567 737 1710 783 probat
1733 744 1814 771 tam

501 792 662 829 racione
700 805 821 841 quam
868 792 1029 829 cronica
1069 794 1116 829 de
1155 793 1235 829 vita
1267 792 1479 841 Augustini
1513 801 1550 830 et
1582 792 1816 830 Bernhardi.

501 853 549 887 Et
572 859 662 898 post
685 850 799 898 ponit
822 859 975 898 septem
991 850 1239 887 differencias
1262 851 1365 887 inter
1388 852 1572 888 naturale
1594 850 1817 887 dominium
1839 868 1876 889 10

501 917 538 945 et
571 908 704 954 civile3
737 910 990 956 ostenditque
1023 909 1228 957 quomodo
1266 909 1493 946 dominium
1523 908 1670 946 dicitur
1692 908 1818 956 tripli-

502 966 612 1014 citer,
646 975 682 1003 et
715 966 819 1003 facta
852 966 1113 1003 distinccione
1146 966 1355 1015 multiplici
1385 968 1432 1003 de
1455 968 1632 1015 partibus
1656 966 1819 1003 dominii

503 1024 709 1061 concludit
752 1024 939 1071 finaliter,
985 1026 1093 1073 quod
1135 1024 1228 1061 licet
1274 1024 1434 1062 dotacio
1462 1026 1467 1077 Ι
1496 1024 1662 1062 ecclesie
1707 1023 1820 1061 cleri·
1860 1029 1943 1064 263¹*

503 1095 641 1119 corum
689 1095 778 1119 cum
825 1083 1112 1130 temporalibus
1164 1081 1214 1119 sit
1258 1083 1375 1130 licita,
1427 1084 1638 1132 utrobique
1682 1091 1820 1119 tamen

502 1149 628 1177 status
651 1139 854 1189 primevus
877 1140 949 1177 fuit
969 1140 1161 1187 securior,
1187 1140 1417 1178 meritorior
1438 1149 1558 1189 atque
1580 1140 1819 1190 perfeccior;
1840 1148 1876 1181 15

502 1200 612 1247 quod
644 1199 789 1246 probat
821 1198 1049 1246 specialiter
1078 1210 1124 1235 ex
1145 1198 1393 1236 sufficiencia
1417 1199 1614 1236 naturalis
1637 1197 1820 1235 dominii.

562 1256 793 1304 Capitulum
842 1255 1045 1294 decimum
1094 1264 1280 1305 quartum
1327 1257 1472 1305 allegat
1516 1256 1649 1305 primo
1692 1257 1821 1305 legem

503 1314 643 1362 Anglie
697 1316 745 1350 de
796 1314 926 1351 forma
978 1313 1214 1351 dominandi
1267 1315 1431 1352 ecclesie
1488 1316 1527 1351 in
1584 1323 1821 1363 perpetuam

505 1371 767 1409 elemosinam
800 1371 909 1420 quod
940 1371 1095 1409 licitum
1130 1381 1189 1409 est
1222 1372 1377 1410 clericis
1409 1372 1578 1410 civiliter
1601 1372 1822 1418 dominari;

504 1432 682 1467 secundo
727 1430 873 1478 allegat
916 1429 1003 1467 iura
1048 1430 1172 1467 civilia
1216 1432 1327 1479 quod
1365 1443 1427 1468 res
1459 1443 1571 1468 sacre
1603 1430 1750 1468 nullius
1781 1429 1824 1467 in
1839 1447 1881 1469 20

504 1488 619 1525 bonis
663 1497 768 1534 sunt,
814 1487 940 1525 tercio
985 1488 1129 1536 allegat
1174 1488 1370 1537 triplicem
1415 1491 1543 1537 legem
1584 1488 1823 1526 canonicam.

504 1547 756 1594 tripartitam,
803 1554 840 1582 et
884 1546 1164 1583 confirmando
1214 1559 1258 1583 ex
1301 1546 1418 1584 dictis
1462 1549 1674 1584 doctorum
1728 1546 1824 1583 iuris

506 1604 688 1641 canonici
739 1612 882 1652 quarto
937 1603 1060 1640 obicit
1106 1613 1143 1641 et
1187 1604 1303 1641 solvit
1346 1618 1418 1653 per
1461 1606 1537 1642 hoc
1584 1607 1692 1654 quod
1733 1604 1826 1642 licet

506 1661 660 1699 clericis
693 1662 839 1699 habere
872 1661 1164 1710 patrimonium
1200 1674 1289 1699 cum
1321 1662 1516 1700 beneficio
1540 1662 1824 1709 ecclesiastico,

506 1729 543 1756 et
587 1720 629 1756 in
673 1719 742 1756 illa
795 1719 962 1757 materia
1015 1719 1122 1757 elicit
1167 1720 1473 1769 quatuordecim
1528 1721 1881 1768 conclusiones325

506 1777 724 1824 notabiles3
769 1791 940 1826 quarum
988 1778 1127 1826 quinta
1165 1787 1241 1815 est:
1296 1779 1327 1815 si
1366 1792 1438 1827 per
1482 1779 1672 1828 possibile
1719 1781 1824 1816 bona

507 1835 673 1873 ecclesie
718 1835 901 1873 dedicata
945 1836 1075 1872 forent
1120 1836 1262 1873 melius
1307 1849 1376 1885 per
1420 1837 1555 1885 laycos
1593 1850 1716 1886 quam
1754 1849 1826 1886 per

508 1894 673 1931 clericos
697 1893 922 1940 distributa,
958 1894 1061 1930 foret
1093 1894 1256 1931 ecclesie
1289 1894 1424 1931 utilius
1458 1904 1495 1931 et
1517 1895 1697 1944 legalius,
1731 1894 1825 1944 quia

508 1951 845 2000 complacencius‚
880 1953 989 2000 quod
1022 1953 1156 1989 ablata
1189 1953 1320 1990 forent
1352 1966 1374 1989 a
1408 1953 1560 1989 clericis
1594 1962 1631 1990 et
1653 1952 1826 1990 limitata

508 2009 729 2047 ministerio
773 2011 994 2058 laycorum.
1047 2012 1094 2046 Et
1125 2009 1203 2047 alia
1237 2010 1442 2047 conclusio
1475 2020 1552 2048 est:
1598 2011 1827 2060 quicunque
1844 2020 1885 2053 30

508 2067 677 2106 clericus
709 2068 966 2105 habitualiter
999 2068 1266 2116 proprietarie
1298 2068 1477 2106 abutitur
1499 2068 1614 2106 bonis
1647 2068 1825 2115 ecclesie,

510 2127 627 2163 debet
668 2126 857 2174 redargui
909 2135 1103 2174 tanquam
1157 2126 1368 2173 hereticus,
1429 2139 1473 2163 ex
1524 2127 1668 2176 quibus
1720 2127 1828 2164 elicit

510 2183 737 2231 correlarie,
791 2186 899 2233 quod
944 2185 1090 2221 nedum
1144 2184 1237 2221 licet
1281 2184 1466 2231 dominis,
1520 2187 1590 2222 sed
1642 2193 1828 2222 tenentur

510 2242 668 2279 auferre
700 2255 722 2279 a
755 2241 811 2279 sic
844 2242 1099 2279 abutentibus
1134 2243 1239 2279 bona
1273 2243 1450 2280 ecclesie.

569 2300 800 2349 Capitulum
846 2300 1046 2337 decimum
1092 2300 1277 2349 quintum
1321 2309 1488 2338 venatur
1532 2300 1706 2349 primam
1744 2301 1828 2336 vul·
1845 2308 1884 2342 35

511 2359 694 2406 peculam
736 2371 815 2406 qua
853 2358 1035 2406 arguitur
1085 2371 1224 2395 omnes
1268 2367 1380 2395 actus
1425 2358 1558 2396 civiles
1600 2367 1829 2407 competere

511 2416 678 2454 licenter
711 2415 881 2462 clericis,
914 2425 952 2452 et
984 2417 1158 2453 tenendo
1192 2416 1439 2453 contrarium
1472 2416 1661 2454 describit
1693 2425 1826 2454 actum

513 2474 669 2511 civilem
709 2483 747 2511 et
779 2476 961 2511 docendo
994 2483 1073 2511 tres
1113 2474 1391 2511 conclusiones
1430 2475 1579 2523 detegit
1617 2475 1829 2523 equivoca-

515 2532 668 2569 cionem
704 2532 886 2569 dacionis
920 2541 958 2569 et
989 2531 1243 2580 accepcionis
1277 2541 1313 2569 et
1345 2533 1454 2581 quod
1485 2533 1662 2569 officium
1697 2545 1827 2569 sacer-

514 2591 652 2627 dotum
706 2590 853 2626 Christi
904 2590 1136 2627 nominatur
1188 2590 1400 2638 tripliciter
1451 2591 1491 2626 in
1542 2590 1740 2639 scriptura
1792 2599 1888 2640 et4o

515 2648 742 2696 specialiter
798 2661 869 2696 per
921 2647 1204 2695 ministerium,
1263 2650 1372 2698 quod
1430 2649 1575 2697 probat
1633 2648 1830 2697 scriptura

584 2838 631 2874 39.
651 2840 747 2869 Cod.:
769 2843 798 2868 et
816 2848 889 2877 quo.
