2050 3292
235 218 324 246 CAP.
345 211 471 263 xxm]
701 220 835 252 LlssER
861 218 1071 253 TERTIUS.
1749 222 1828 262 535

238 326 361 374 magis
395 325 573 373 difficile3
608 325 817 362 consilium
851 325 984 374 itaque
1019 324 1090 361 Dei
1123 333 1160 361 et
1192 337 1261 372 per
1294 337 1541 373 consequens

238 386 362 420 Deum
410 383 748 431 contempnimus,
794 384 887 419 dum
934 381 1001 419 alii
1046 381 1275 418 consiliario
1315 383 1542 419 adherendo

237 440 447 477 consilium
471 454 586 477 suum
610 440 845 478 omittimus.
876 440 1100 490 Neglectus‚
1124 439 1253 487 inquit
1276 439 1541 487 Bernhardus,

237 499 406 548 languor
438 498 579 535 inercie
610 506 676 545 est,
709 505 946 547 contemptus
980 509 1070 533 vero
1103 504 1234 533 tumor
1263 498 1451 546 superbie.
1495 500 1543 534 Et

204 555 288 593 §ita
322 558 439 593 credo
472 555 719 604 originaliter
764 567 884 592 ornne
916 562 1125 603 peccatum
1159 566 1202 590 ex
1235 555 1539 602 deliberacione,

236 612 392 650 dicente
414 613 638 661 Augustino
671 613 710 650 in
734 616 791 649 De
816 612 1025 649 Mendacio
1057 624 1193 649 versus
1226 611 1364 649 finem:
1400 613 1440 648 In
1472 613 1543 649 lzoc

236 678 370 707 errant
401 671 571 707 homines
603 671 667 719 qui
696 672 862 707 subdunt
889 670 1066 720 preciosa
1100 669 1311 717 vilioribus,
1351 678 1388 707 et
1422 672 1542 706 Bern-

235 729 382 764 hardus
414 728 455 764 in
488 730 544 765 De
577 727 776 776 diligendo
812 731 954 774 Deum,
987 726 1162 775 capitulo
1195 727 1263 763 IV:
1309 728 1409 764 Inest
1441 728 1545 764 omni

235 786 354 822 utenti
384 786 538 822 racione
569 787 801 823 naturaliter
840 798 915 835 pro
946 797 1014 821 sua
1047 796 1198 835 semper
1234 785 1476 822 estimacione
1508 793 1543 822 et

182 843 443 880 iointencione
474 851 655 893 appetere
682 844 857 893 pociora,
908 844 1007 879 Cum
1043 854 1136 889 ergo
1170 842 1317 879 scimus
1350 843 1426 879 hoc
1459 855 1542 880 esse

235 902 281 936 de
313 901 515 938 voluntate
548 901 710 938 Domini
744 901 836 950 quia
869 902 916 936 de
956 900 1040 948 lege
1073 908 1214 936 nature
1246 913 1366 947 quam
1400 912 1470 948 per
1501 913 1542 937 se

234 957 363 1005 ipsum
389 960 505 995 docet
527 971 660 996 servos
683 971 788 1005 suos,
822 958 976 994 videtur
1009 969 1166 994 servum
1197 957 1265 1005 qui
1298 957 1371 994 scit
1401 958 1539 995 volun-

232 1023 353 1051 tatem
378 1016 540 1053 Domini
573 1016 613 1053 in
646 1016 723 1053 isto
756 1025 794 1054 et
826 1023 981 1052 tantum
1016 1014 1269 1063 contempnit
1301 1015 1462 1063 dignum
1498 1027 1541 1052 ex

232 1073 398 1110 crimine
431 1073 706 1111 inobediencie
737 1074 940 1122 vapulare,
984 1072 1079 1120 quia
1112 1074 1209 1109 Luc.
1242 1075 1325 1119 XII,
1359 1085 1410 1121 47
1446 1071 1541 1110 dicit

164 1137 191 1167 Κ
233 1129 417 1167 Christis:
452 1132 597 1168 Servus
627 1132 748 1168 sciens
780 1132 1013 1168 voluntatem
1037 1130 1197 1166 Domini
1224 1139 1257 1166 et
1291 1143 1363 1167 non
1384 1130 1542 1179 faciens

226 1188 360 1238 plagis
383 1189 578 1238 vapulabit
600 1189 742 1226 multis.
776 1191 857 1226 Nec
890 1187 1068 1236 sequitur
1092 1200 1135 1224 ex
1164 1189 1238 1224 isto
1271 1200 1343 1225 nos
1375 1200 1542 1236 peccare
1598 1194 1703 1222 Defect
1723 1196 1782 1222 and

232 1246 417 1283 continue
451 1247 672 1283 mortaliter
703 1259 746 1283 ex
779 1248 855 1283 hoc
887 1247 995 1294 quod
1017 1246 1241 1295 omittendo
1265 1245 1412 1283 Christi
1446 1258 1540 1282 con·
1586 1231 1805 1299 juigiss’fintt'fdo

230 1303 361 1339 silium
407 1316 487 1340 non
519 1313 672 1341 tanturn
707 1304 821 1341 nobis
854 1312 892 1340 et
924 1303 1087 1340 ecclesie
1125 1303 1371 1351 proficimus,
1417 1316 1538 1352 quam
1573 1300 1811 1361 Πὲξοῇξξξῐςῑῑῐέῑθ

230 1360 464 1407 sufficimus,
509 1362 601 1410 quia
646 1363 770 1399 multa
814 1371 907 1399 sunt
940 1361 1088 1398 Christi
1133 1361 1300 1398 consilia
1344 1360 1430 1398 aliis
1463 1373 1540 1409 que
1781 1356 1786 1361 ⁷

103 1428 181 1466 217c
229 1431 309 1454 non
353 1428 445 1456 sunt
490 1419 656 1457 consilia
700 1419 815 1456 nobis
848 1431 891 1455 ex
925 1418 1138 1468 fragilitate
1170 1419 1229 1456 vel
1257 1417 1262 1471 Ι
1290 1418 1540 1467 ignorancia.

230 1477 323 1512 Ideo
356 1476 545 1514 continue
578 1479 767 1514 debemus
801 1477 998 1514 instanter
1036 1477 1195 1525 operari
1228 1479 1378 1513 bonum
1412 1476 1542 1514 inten-

229 1533 345 1570 cione
377 1543 485 1571 recta
518 1543 555 1571 et
585 1548 701 1572 orare
734 1535 882 1583 ipsum,
916 1542 959 1571 ut
991 1536 1135 1572 doceat
1164 1534 1260 1583 quid
1293 1535 1394 1571 foret
1426 1533 1542 1571 nobis

227 1591 363 1628 utilius
408 1601 451 1628 ut
496 1605 596 1629 unus
641 1593 725 1630 sine
758 1600 924 1641 peccato
959 1592 1118 1629 mortali
1149 1592 1263 1629 nubit
1294 1591 1334 1628 in
1357 1591 1542 1638 Domino,

229 1650 323 1685 dum
368 1657 501 1686 tamen
546 1650 686 1687 melius
731 1658 835 1687 esset
879 1650 952 1686 sibi
993 1662 1153 1687 servare
1198 1650 1390 1700 virginem
1432 1662 1540 1686 suam

173 1712 397 1752 25castam,·
427 1709 495 1744 sed
527 1708 604 1745 hoc
636 1707 794 1756 ignorat
827 1709 993 1744 credens
1027 1707 1273 1756 oppositum.
1321 1708 1411 1743 Ideo
1445 1706 1540 1744 dicit

227 1765 442 1812 Apostolus
466 1767 491 1801 Ι.
516 1767 608 1804 Cor.
635 1768 714 1815 VII,
741 1777 782 1813 7:
850 1765 1110 1815 Unusquisque
1148 1765 1353 1817 proprium
1400 1766 1538 1800 donum

228 1822 340 1858 habet
361 1835 382 1858 a
405 1824 502 1870 Deo,
534 1823 634 1860 alius
656 1824 810 1872 quidem
833 1823 899 1870 sic,
934 1824 1032 1860 alius
1055 1835 1145 1860 vero
1168 1823 1232 1862 sic.
1266 1824 1314 1859 Et
1341 1822 1538 1871 sequitur:

234 1880 348 1923 Quod
378 1881 413 1916 si
442 1893 513 1917 non
545 1893 586 1917 se
607 1881 810 1927 continent,
846 1882 1008 1927 nubant;
1039 1881 1174 1918 melius
1202 1888 1257 1917 est
1279 1880 1375 1916 enim
1399 1880 1540 1916 nubere

226 1949 340 1986 quam
373 1937 445 1973 uri.
499 1940 546 1975 Et
589 1938 681 1976 hinc
725 1939 845 1975 credo
880 1938 1083 1976 Christum
1119 1938 1250 1975 dicere
1285 1939 1405 1976 Math.
1439 1937 1537 1983 XIX,

172 2001 213 2033 30
234 2006 247 2032 Ι
263 2006 295 2041 1,
325 2002 393 2033 12:
427 1995 512 2031 Non
536 2009 666 2033 omnes
688 1996 842 2046 capiunt
865 1998 935 2033 hoc
958 1997 1129 2043 verbum,
1159 1997 1227 2033 sed
1249 1995 1382 2044 quibus
1406 1996 1536 2031 datum

228 2059 296 2088 est.
329 2054 377 2088 Et
399 2053 596 2101 sequitur:
630 2056 725 2090 Sunt
747 2055 910 2091 eunuchi
931 2054 995 2103 qui
1015 2066 1055 2090 se
1076 2061 1347 2091 castraverunt
1373 2060 1539 2102 propter
1619 2069 1714 2096 Some
1734 2070 1766 2096 ot

229 2122 393 2160 regnum
426 2111 619 2157 celorum,·
667 2111 731 2161 qui
759 2119 885 2162 potest
918 2124 1057 2161 capere
1089 2111 1228 2161 capiat.
1280 2110 1368 2146 Alia
1401 2110 1536 2158 itaque
1581 2103 1797 2165 coffiggffire

227 2175 320 2204 sunt
351 2167 551 2216 aliquibus
575 2168 702 2218 magis
724 2168 851 2216 utilia,
886 2182 962 2218 que
984 2170 1114 2206 forent
1144 2168 1231 2205 aliis
1255 2168 1386 2204 minus
1408 2166 1535 2204 utilia.
1564 2177 1665 2199 meant
1685 2173 1733 2200 for
1752 2181 1810 2199 one

228 2226 343 2261 Unde
375 2237 486 2262 error
517 2227 838 2270 foretnotabilis
878 2228 1040 2264 credere
1074 2228 1180 2275 quod
1219 2225 1356 2263 omnia
1390 2225 1536 2261 Christi
1558 2214 1754 2269 marghggffile‘
1768 2207 1815 2234 for

172 2287 211 2320 35
230 2281 396 2320 consilia
440 2283 570 2320 forent
614 2284 920 2334 quibuscunque
952 2283 1064 2321 utilia
1097 2293 1140 2320 ut
1172 2284 1338 2332 impleat
1369 2282 1454 2331 ipsa
1488 2283 1537 2319 ad

228 2339 423 2387 litteram;
464 2353 621 2390 semper
652 2350 786 2379 tamen
821 2343 935 2379 debet
968 2341 1113 2390 eligere
1146 2340 1219 2378 sibi
1253 2339 1401 2387 utilius,
1435 2340 1538 2377 sicut

188 2414 191 2417 ’
228 2396 408 2445 intelligo
452 2398 602 2435 dictum
637 2400 830 2437 Jeronimi
864 2401 971 2449 quod
1005 2399 1168 2448 ponitur
1207 2399 1247 2435 in
1279 2397 1446 2435 decretis
1481 2399 1538 2434 De

230 2455 560 2502 Consecraeione,
610 2456 874 2494 distinccione
896 2459 947 2494 V:
983 2458 1081 2502 Non,
1116 2456 1256 2505 inquit,
1291 2456 1539 2492 mediocriter

301 2643 330 2669 4,
349 2633 374 2662 5.
395 2634 490 2663 Cod.:
511 2639 540 2663 et
559 2636 628 2664 ista.
701 2643 731 2671 9.
750 2637 889 2664 racione.
909 2635 1004 2663 Cod.:
1026 2638 1117 2663 recte.

301 2718 331 2751 3.
359 2717 442 2760 Cap.
468 2719 526 2750 XII
553 2719 574 2752 l.
594 2729 622 2750 c.
717 2718 749 2751 6.
776 2719 868 2761 Opp.
887 2725 970 2751 torn.
991 2719 1046 2761 VI,
1073 2728 1149 2760 pag.
1168 2717 1234 2758 445
1253 2716 1293 2758 (ἓ)
1388 2716 1419 2748 8.
1447 2717 1538 2758 Opp.

231 2773 309 2805 pag.
328 2763 406 2806 950.
503 2774 556 2805 24.
583 2765 606 2797 Ι.
626 2765 704 2796 Cor.
718 2765 791 2809 VII,
812 2766 864 2807 37.
962 2764 1014 2796 28.
1042 2765 1063 2797 l.
1080 2764 1157 2796 Cor.
1172 2764 1244 2806 VII,
1264 2774 1294 2806 9.
1392 2762 1445 2796 38.
1472 2763 1538 2794 De-

232 2810 314 2841 creti
340 2810 438 2841 tertia
464 2820 545 2852 pars
572 2811 622 2842 De
649 2811 852 2843 Consecrat.
880 2811 956 2842 dist.
976 2812 1017 2853 V,
1045 2820 1117 2852 cap.
1143 2810 1262 2841 XXIV.
