2050 3292
218 246 301 285 450
930 240 989 272 DE
1018 239 1153 272 cmm
1181 239 1392 271 DoMiNlo.
1606 226 1714 282 [CAP.
1736 234 1816 263 xxi.

506 349 573 397 qui
594 360 675 384 non
699 348 815 383 debet
839 346 997 383 civiliter
1019 346 1215 382 dominari
1246 357 1318 381 nec
1353 345 1469 381 debet
1501 356 1713 392 procreare
1745 356 1818 381 nec

507 406 715 443 consulere
749 406 800 441 ad
832 405 1077 453 bellandum,
1111 412 1205 439 tunc
1228 403 1332 438 foret
1354 415 1492 438 sensus
1526 403 1682 449 clarior,
1716 410 1759 438 ut
1781 411 1818 438 et

508 463 647 501 diffuse
679 463 889 511 exponitur
920 463 959 498 in
990 462 1128 498 ultimo
1160 461 1212 496 IV
1243 461 1370 496 huius.

273 519 431 581 [taisaisriid
567 523 752 558 Secundo
776 522 917 556 dicitur
940 520 1048 568 quod
1071 531 1172 567 opus
1195 517 1421 555 debellandi
1443 517 1630 555 inimicos
1654 517 1820 555 ecclesie

221 590 270 618 To
290 562 355 616 wir
375 574 494 619 aiainst
510 587 568 616 est
600 578 852 615 meritorium
892 578 933 614 in
966 590 1086 614 causa
1120 576 1204 620 Dei,
1239 588 1362 624 quare
1401 588 1494 624 ergo
1538 589 1619 612 non
1657 584 1715 613 est
1737 576 1820 612 lici-

230 625 473 686 0}ht‘{oee¹¹(‘2²fflffc⁵h
507 645 591 673 turn
621 633 625 690 Ι
654 635 867 681 sacerdoti,
912 635 1139 684 specialiter
1172 646 1260 670 cum
1302 634 1406 681 leges
1438 634 1613 670 humane
1646 634 1819 670 auctori-

238 693 475 755 isshgffiffig‘t'lff
510 704 599 732 sant
633 695 844 743 episcopos
876 695 936 730 vel
970 695 1133 730 abbates
1165 691 1272 728 licite
1305 694 1549 740 suspendere
1582 693 1712 728 fures?

253 763 348 798 priest
368 763 407 790 do
430 763 466 790 it:
566 755 772 799 Quantum
806 753 856 789 ad
889 751 1002 798 illud,
1036 764 1129 800 sepe
1163 750 1312 787 dictum
1348 759 1406 786 est
1439 751 1546 798 quod
1583 750 1706 787 multa
1729 759 1820 786 sunt

506 811 617 848 licita
655 811 767 848 laicis
805 823 942 859 ymmo
982 808 1258 846 sacerdotibus
1297 807 1438 845 veteris
1476 808 1705 845 testamenti
1744 821 1820 856 que

506 869 783 906 sacerdotibus
801 867 949 906 Christi
972 868 1105 904 forent
1128 866 1279 903 illicita.
1298 867 1501 912 Quantum
1528 867 1578 903 ad
1596 865 1817 902 dominium

506 928 754 976 prelatorum
799 926 839 962 in
884 925 1085 963 occisione
1119 924 1344 967 hominum,
1383 924 1581 961 notandus
1614 933 1671 961 est
1704 925 1821 972 Hugo

507 987 565 1022 De
598 984 869 1023 §aeramentis
908 984 1010 1021 libro
1044 986 1073 1020 ΙΙ
1108 983 1287 1031 capitulo
1309 983 1395 1019 VII:
1436 982 1498 1019 De
1531 983 1820 1031 temporalibus,

508 1043 651 1092 inquit,
696 1056 767 1093 que
805 1043 1008 1093 possident
1046 1041 1207 1092 prelati,
1251 1041 1414 1090 quedam
1459 1041 1626 1076 ecclesiis
1676 1040 1824 1076 Christi

216 1098 495 1161 ῖῖξζῆηὲξξΐῖῂῑὲἵ
509 1102 714 1138 devocione
734 1101 914 1151 fidelium
948 1113 1124 1137 concessa
1157 1106 1244 1135 sunt
1267 1099 1515 1148 possidenda,
1553 1099 1662 1134 salvo
1695 1106 1820 1135 tamen

228 1170 313 1195 what
332 1168 357 1195 is
378 1169 481 1196 lawful
509 1160 593 1197 iure
624 1168 778 1197 terrene
804 1159 1019 1209 potestatis.
1059 1158 1101 1194 Si
1131 1158 1228 1194 enim
1263 1156 1498 1193 racionabile
1530 1164 1585 1192 est
1617 1164 1652 1192 et
1683 1157 1819 1193 bonum

217 1204 487 1265 {grfoortgffircsermssg
507 1219 609 1267 quod
640 1219 748 1254 Deus
780 1225 911 1254 noster
935 1217 1045 1267 pacis
1077 1224 1232 1252 amator
1263 1223 1318 1251 est
1349 1222 1385 1251 et
1416 1215 1532 1251 nichil
1559 1214 1820 1251 inordinatum

280 1273 422 1308 apriest.
507 1277 729 1326 approbare
769 1283 895 1325 potest
939 1287 1032 1311 vera
1076 1274 1242 1312 iusticia:
1285 1273 1502 1323 spiritualis
1539 1280 1713 1322 potestas
1750 1286 1821 1309 non

508 1335 592 1371 ideo
629 1334 829 1384 praesidet
871 1341 910 1369 ut
942 1341 1095 1378 terrene
1128 1332 1314 1382 potestati
1345 1331 1575 1380 preiudicet‚
1612 1331 1710 1367 sicut
1741 1331 1821 1380 ipsa

506 1400 661 1429 terrena
700 1400 876 1442 potestas
919 1392 1021 1440 quod
1062 1390 1261 1441 spirituali
1303 1390 1463 1425 debetur
1506 1402 1697 1438 nunquam
1742 1390 1822 1425 sine

509 1451 623 1500 culpa
646 1458 830 1500 usurpat‚·
862 1458 899 1487 et
921 1457 1135 1498 postquam
1161 1448 1256 1484 dixit
1280 1449 1388 1496 quod
1410 1446 1622 1495 largitores
1646 1447 1821 1484 muneris

506 1510 634 1545 solum
670 1508 769 1545 illud
803 1509 1027 1545 concedunt
1060 1507 1225 1544 ecclesie
1258 1507 1366 1553 quod
1398 1505 1603 1553 possident
1627 1513 1663 1541 et
1687 1514 1821 1542 tamen

505 1579 588 1603 non
627 1568 775 1603 habent
813 1566 853 1602 in
893 1565 1052 1603 donatis
1093 1564 1263 1613 capitale
1296 1563 1535 1611 dominium,
1575 1562 1673 1599 illud
1713 1565 1820 1611 quod

506 1625 586 1662 suis
609 1624 886 1673 superioribus
908 1624 1093 1672 pertinet,
1127 1632 1170 1659 ut
1192 1631 1357 1671 possunt
1379 1623 1595 1658 transferre
1618 1623 1668 1658 ad
1701 1621 1819 1658 aliam

505 1692 762 1732 potestatem,
808 1695 856 1719 ne
900 1681 1044 1731 prelati
1088 1681 1129 1717 in
1163 1680 1340 1717 donariis
1379 1680 1632 1716 subditorum
1666 1678 1822 1727 possint

506 1741 656 1778 alienos
696 1753 945 1790 possessores
984 1739 1189 1784 inducere,
1237 1740 1495 1787 postmodum
1531 1737 1741 1786 distinguit
1773 1739 1821 1774 de

507 1799 735 1836 elemosinis
774 1799 1064 1847 imperatorum
1106 1807 1143 1834 et
1175 1796 1402 1846 principum
1436 1796 1596 1833 donatis
1635 1795 1818 1833 ecclesie:

506 1858 743 1905 Notandum,
796 1856 940 1906 inquit,
993 1857 1095 1905 quod
1140 1856 1337 1905 principes
1382 1855 1529 1891 terreni
1572 1855 1608 1890 in
1654 1855 1821 1890 terrenis

500 1916 807 1966 possessionibus
829 1928 923 1964 quas
946 1915 982 1952 in
1004 1915 1182 1951 subiectis
1215 1914 1275 1949 vel
1304 1913 1385 1949 sine
1415 1913 1592 1949 subiectis
1619 1913 1820 1962 possident

506 1974 712 2024 aliquando
744 1975 957 2010 concedunt
988 1973 1146 2009 ecclesie
1175 1973 1298 2009 solam
1333 1972 1550 2018 utilitatem,
1588 1967 1816 2023 aliquando}

506 2040 541 2069 et
573 2033 776 2068 utilitatem
810 2039 845 2068 et
871 2039 1125 2081 potestatem;
1162 2030 1363 2066 utilitatem
1403 2030 1484 2065 sine
1510 2036 1702 2078 potestate
1732 2041 1819 2065 con-

506 2091 656 2137 cedunt,
701 2091 853 2139 quando
888 2090 1070 2138 fructum
1117 2088 1373 2138 possessionis
1415 2088 1467 2123 ad
1509 2099 1618 2123 usum
1664 2087 1819 2123 ecclesie

504 2148 729 2197 transferre
768 2149 1010 2193 discernunt;
1052 2148 1120 2183 sed
1151 2154 1381 2196 potestatem
1422 2145 1567 2181 iusticie
1604 2146 1820 2181 exercende

504 2207 540 2242 in
584 2207 666 2255 ipsa
709 2206 948 2255 possessione
990 2206 1042 2241 ad
1084 2205 1163 2241 eius
1200 2204 1506 2240 iurisdiccionem
1545 2203 1715 2239 transire
1746 2216 1818 2239 non

498 2265 743 2313 permittunt,
788 2264 995 2313 aliquando
1040 2271 1076 2300 et
1118 2263 1320 2299 utilitatem
1366 2270 1401 2298 et
1434 2268 1664 2311 potestatem
1703 2261 1821 2298 simul

504 2323 688 2360 tribuunt.
729 2322 801 2358 Ubi
830 2329 956 2358 tamen
990 2321 1200 2372 diligenter
1231 2321 1503 2357 attendendum
1528 2320 1630 2368 quod
1661 2319 1818 2355 ecclesia
1837 2350 1845 2354 ,

505 2380 591 2416 licet
617 2381 799 2429 fructum
838 2387 992 2416 terrene
1022 2379 1277 2429 possessionis
1314 2379 1350 2414 in
1389 2391 1498 2414 usum
1537 2377 1714 2427 accipiat,
1749 2389 1819 2426 po-

505 2445 678 2475 testatem
700 2446 825 2474 tamen
844 2439 1059 2474 exercende
1080 2438 1226 2474 iusticie
1242 2449 1318 2486 per
1334 2436 1612 2472 ecclesiasticas
1629 2447 1820 2484 personas

505 2504 571 2531 aut
614 2496 755 2532 iudicia
798 2496 989 2533 secularia
1040 2508 1225 2532 exercere
1265 2507 1337 2531 non
1365 2502 1505 2544 potest,
1533 2501 1661 2543 potest
1693 2501 1818 2529 tamen

505 2554 704 2591 ministros
735 2555 876 2590 habere
909 2554 1047 2606 Iaycas
1074 2566 1265 2603 personas
1292 2565 1367 2602 per
1388 2565 1481 2602 quas
1503 2552 1588 2587 iura
1612 2564 1657 2587 ac
1680 2551 1818 2587 iudicia

576 2688 600 2716 5.
622 2689 719 2716 Cod.:
741 2692 770 2716 et
789 2696 894 2716 causa.
1008 2697 1043 2716 11.
1077 2688 1172 2716 Cod.:
1206 2688 1380 2715 occasione.
1477 2686 1516 2714 18.
1544 2686 1640 2714 Cod.:
1668 2686 1817 2725 possidet.

506 2729 552 2750 20.
574 2723 668 2751 Cod.:
690 2723 814 2752 dixerit.
908 2731 955 2757 24.
977 2723 1072 2751 Cod.:
1092 2726 1232 2758 possunt.
1312 2722 1355 2750 33.
1376 2722 1472 2750 Cod.:
1493 2722 1536 2748 ad
1555 2722 1619 2748 eius
1639 2720 1818 2747 diccioizem.

581 2816 629 2841 11.
657 2807 760 2848 Hugo
787 2807 828 2839 de
855 2808 902 2839 St.
920 2807 1060 2839 Victore
1088 2807 1137 2838 De
1163 2807 1254 2839 Sacr.
1282 2805 1339 2837 lib.
1359 2805 1395 2845 II,
1423 2816 1454 2847 p.
1481 2804 1518 2845 ΙΙ,
1546 2815 1572 2837 c.
1593 2803 1662 2844 VII,
1689 2814 1720 2845 p.
1738 2814 1818 2847 419·

508 2862 559 2885 27.
587 2854 607 2884 l.
635 2863 660 2886 e.
689 2863 766 2895 pag.
792 2863 870 2894 420.

1863 580 1940 610 182⁰

1841 1161 1877 1193 15

1839 1460 1880 1481 20

1838 1741 1878 1774 25

1863 2029 1938 2061 Ι82”’
