2050 3292
210 241 292 279 504

226 444 253 471 It
272 443 297 470 is
319 444 414 471 better
434 448 464 471 to

230 478 304 513 fight
323 478 444 513 against

252 513 310 540 evil
330 512 360 540 in
380 513 430 540 the

220 547 319 575 world
340 548 413 575 than
433 552 464 575 to

220 582 290 609 take
310 582 414 617 refuge
434 583 464 610 in

262 625 278 643 a
295 617 430 651 cloister,

269 2200 323 2227 but
341 2200 390 2228 for
410 2208 426 2228 a

230 2235 469 2270 contemplative

220 2270 275 2297 life
296 2270 430 2298 solitude
448 2271 475 2297 is

313 2306 387 2332 best.

927 238 985 269 DE
1014 237 1149 269 Clvm
1177 237 1385 269 DOMINio.
1567 225 1677 280 [cAP.
1699 234 1809 262 xxm.

499 343 678 394 ecclesie,
711 356 830 392 quam
865 342 1255 391 possessionatorum
1285 342 1510 379 vivencium
1544 343 1810 380 claustraliter

498 414 539 438 1n
573 414 791 439 commum.

556 460 669 496 Unde
713 460 852 495 beatus
897 459 1109 505 Gregorius
1149 459 1179 494 II
1219 458 1494 506 Dyalogorum
1541 457 1717 506 capitulo
1762 459 1809 493 III

498 517 673 553 ostendit
717 528 761 552 ex
804 515 918 552 factis
951 515 1133 564 Apostoli
1179 517 1287 564 quod
1321 515 1561 552 Benedictus
1608 516 1810 552 meritorie

498 575 673 611 volentes
696 574 826 622 ipsum
852 573 1080 622 extinguere
1103 585 1258 610 veneno
1282 573 1457 610 deseruit
1484 582 1521 610 et
1553 573 1808 609 solitudinem
1828 575 1843 607 5

498 631 631 680 peciit.
663 632 808 675 Fortis,
842 631 984 679 inquit,
1013 631 1211 680 preliator
1242 631 1319 667 Dei
1348 631 1471 668 teneri
1501 632 1603 667 intra
1636 631 1810 667 claustra

498 690 631 733 noluit,
683 689 753 726 sed
804 689 1025 725 certaminis
1068 701 1245 739 campum
1291 689 1465 737 quesivit,
1517 688 1582 724 ubi
1623 689 1808 724 maiorem

497 747 669 783 lahorem
704 759 787 783 cum
809 748 952 795 fructu
985 747 1164 793 credidit,
1197 746 1291 795 quia
1323 748 1383 794 (ut
1415 745 1578 783 recitavi
1611 745 1651 781 in
1675 748 1722 782 III
1746 758 1811 783 ca-

496 804 624 852 pitulo
667 804 784 841 huius
827 805 873 850 V)
920 803 1101 841 senciens
1146 816 1186 841 se
1229 804 1493 841 sufficientem
1547 805 1597 840 ad
1640 803 1810 840 validius

495 862 810 911 aggrediendum
871 862 1086 899 exercitum
1147 862 1385 899 Antichristi
1445 862 1529 898 sine
1589 862 1810 898 vallacione
1829 872 1869 894 10

494 921 696 957 sociorum
730 929 924 969 tanquam
959 921 1059 957 alter
1084 920 1248 957 Eleasar
1280 933 1370 957 cum
1404 920 1584 957 hostibus
1619 916 1807 973 caritate}

495 980 594 1016 duce
639 978 891 1022 commixtus,
940 978 1204 1026 extinguendo
1249 977 1434 1015 inimicos
1488 976 1616 1014 crucis
1662 977 1810 1014 Christi
1850 978 1929 1010 205³

493 1036 663 1073 validius
707 1037 795 1084 plus
840 1045 1062 1074 mereretur
1105 1049 1226 1084 quam
1275 1036 1399 1084 magis
1443 1035 1607 1072 timidus
1645 1044 1754 1072 stans
1787 1048 1809 1072 a

492 1095 611 1142 longe
643 1094 890 1131 insufficiens
924 1094 1053 1131 dictos
1087 1106 1234 1131 cuneos
1268 1102 1480 1141 penetrare
1513 1106 1556 1130 ex
1589 1102 1702 1130 tanto
1735 1094 1811 1129 fer-

492 1165 587 1189 vore
632 1152 777 1200 gracie.
828 1152 943 1189 Unde
986 1152 1018 1188 si
1061 1165 1143 1189 non
1187 1153 1344 1189 obesset
1378 1150 1630 1197 inbecillitas,
1674 1151 1866 1187 utilius15

494 1218 596 1247 esset
628 1210 780 1259 pugiles
813 1209 960 1247 Christi
1002 1209 1174 1258 dispergi
1214 1209 1318 1247 inter
1356 1218 1587 1258 peccatores
1620 1210 1670 1245 ad
1704 1208 1810 1245 miti-

494 1269 671 1316 gandum
719 1268 857 1304 mundi
904 1267 1105 1305 maliciam
1139 1281 1261 1317 quam
1306 1267 1361 1304 sic
1405 1266 1671 1304 claustraliter
1715 1280 1809 1304 con-

494 1326 664 1374 gregari,
699 1325 793 1374 quia
826 1325 1051 1377 applicacio
1084 1327 1133 1363 ad
1172 1327 1426 1374 purgandum
1467 1325 1676 1362 ecclesiam
1710 1326 1811 1362 foret

495 1384 642 1431 maior3
677 1393 714 1420 et
746 1383 802 1420 sic
835 1383 981 1420 dicitur
1014 1385 1061 1420 de
1094 1384 1322 1432 petentibus
1363 1383 1623 1420 solitudinem
1659 1383 1698 1420 in
1732 1395 1812 1431 qua

494 1451 553 1478 est
600 1441 794 1478 exercitus
840 1443 1078 1489 demonum3
1123 1453 1196 1478 nec
1234 1450 1392 1490 oportet
1425 1441 1690 1478 christianum
1723 1453 1811 1489 pre·
1828 1451 1870 1472 20

494 1511 652 1536 sumere
696 1499 752 1536 sic
784 1499 965 1546 vivendo,
1011 1512 1055 1537 ex
1087 1499 1275 1548 superbia
1313 1499 1496 1548 eligendo
1528 1499 1650 1536 vitam
1686 1499 1813 1547 magis

495 1557 741 1606 ambiguam,
775 1559 843 1594 sed
875 1557 1000 1594 instar
1034 1557 1193 1604 Christi,
1228 1557 1406 1606 Baptiste
1444 1567 1481 1594 et
1512 1557 1683 1594 aliorum
1717 1569 1813 1606 apo-

495 1617 691 1652 stolorum
737 1616 923 1653 deserens
969 1618 1166 1652 mundum
1212 1616 1252 1651 in
1296 1629 1376 1664 quo
1422 1624 1682 1652 conversatur
1718 1614 1814 1652 vivit

495 1673 693 1719 securius;
741 1673 976 1710 conceditur
1019 1683 1154 1710 tamen
1193 1675 1300 1722 quod
1340 1673 1613 1710 conventualis
1647 1685 1813 1710 conver-

495 1731 604 1769 sacio
650 1739 707 1768 est
749 1741 889 1768 sancta
935 1732 1079 1768 multos
1120 1731 1349 1776 habilitans‚
1395 1733 1489 1768 dum
1525 1740 1615 1768 sunt
1649 1730 1741 1767 boni
1774 1740 1812 1768 et
1829 1730 1869 1763 25

496 1790 595 1826 alios
630 1790 777 1826 multos
810 1798 1054 1837 pervertens,
1088 1790 1180 1826 dum
1215 1798 1308 1826 sunt
1347 1789 1504 1826 malicia
1543 1789 1741 1836 indurati3
1776 1798 1813 1826 et

496 1848 587 1884 talis
618 1847 789 1884 societas
823 1848 941 1884 debet
984 1847 1067 1896 fugi
1112 1849 1293 1896 exemplo
1327 1848 1431 1884 beati
1465 1847 1687 1897 Benedicti,
1727 1860 1811 1895 spe-

497 1905 651 1942 cialiter
696 1906 791 1941 dum
837 1905 877 1941 in
919 1905 976 1943 eis
1022 1915 1160 1953 regnat
1194 1906 1407 1954 cupiditas,
1443 1905 1536 1954 quia
1570 1906 1676 1942 iuxta
1707 1905 1815 1941 dicta

496 1963 603 2000 beati
648 1963 788 2000 Isidori
833 1972 928 2000 tunc
973 1976 1054 2000 non
1098 1964 1305 2012 possident
1343 1976 1420 2013 que
1452 1963 1636 2000 videntur
1669 1964 1815 2000 habere

498 2023 566 2058 sed
600 2033 620 2057 e
653 2021 857 2057 contrario
889 2029 981 2057 sunt
1024 2022 1215 2070 possessi;
1260 2021 1348 2058 ideo
1393 2021 1586 2058 securitas
1632 2020 1706 2058 vite
1749 2032 1815 2057 ne-
1833 2028 1874 2059 30

500 2079 766 2116 cessariorum
800 2080 1020 2116 secundum
1045 2079 1206 2116 titulum
1231 2079 1387 2117 iusticie
1411 2088 1586 2116 moveret
1610 2078 1816 2127 religiosos

501 2137 735 2173 comitivam
769 2138 891 2174 talem
926 2138 1122 2178 deserere,

559 2198 607 2231 Et
640 2195 716 2231 ista
748 2204 805 2231 est
838 2195 1042 2232 sentencia
1075 2195 1202 2233 sancti
1234 2197 1391 2232 Thome
1429 2197 1605 2232 secunda
1643 2195 1816 2232 secunde

503 2252 712 2301 questione
736 2254 995 2289 CLXXXVIII
1019 2254 1190 2290 articulo
1212 2255 1311 2304 VIII,
1344 2253 1411 2290 ubi
1444 2253 1686 2290 determinat
1709 2254 1815 2301 quod

498 2311 722 2361 perfeccior
767 2318 822 2347 est
867 2311 1007 2361 religio
1053 2313 1263 2349 vivencium
1298 2312 1414 2347 vitam
1452 2312 1670 2348 solitariam
1702 2323 1816 2360 quam
1835 2315 1874 2347 35

504 2369 644 2419 religio
684 2369 720 2404 in
759 2369 939 2405 societate
972 2369 1198 2417 vivencium,
1235 2370 1322 2419 quia
1360 2376 1484 2406 status
1521 2370 1586 2405 ille
1624 2369 1698 2404 vite
1728 2381 1818 2406 con·

503 2427 725 2475 templative
747 2434 802 2462 est
823 2427 969 2476 apcior.
1007 2428 1120 2464 Unde
1142 2428 1389 2476 Augustinus
1413 2427 1514 2463 libro
1538 2429 1595 2463 De
1619 2425 1818 2474 Operibus

503 2485 796 2521 Monachorum
851 2485 947 2521 dicit
975 2482 980 2536 Ι
1009 2485 1097 2522 illos
1147 2486 1366 2522 sancciores
1415 2485 1481 2534 qui
1541 2498 1563 2520 a
1619 2492 1818 2533 conspectu
1859 2486 1940 2521 205b

503 2542 701 2579 hominum
735 2543 910 2591 separati
945 2543 1044 2579 nulli
1072 2544 1125 2579 ad
1155 2556 1195 2580 se
1230 2544 1391 2593 prebent
1423 2554 1618 2579 accessum
1652 2542 1821 2578 viventes

504 2600 540 2636 in
563 2612 714 2650 magna
738 2601 947 2637 intencione
964 2601 1209 2647 oracionum;
1231 2610 1266 2638 et
1289 2601 1328 2637 in
1348 2599 1637 2638 collacionibus
1659 2609 1819 2648 patrum
1834 2615 1879 2645 40

576 2748 605 2781 3.
633 2748 725 2790 Opp.
750 2754 836 2779 tom.
863 2747 902 2788 ΙΙ,
934 2759 1012 2791 pag.
1040 2758 1116 2781 220.
1196 2758 1244 2779 11.
1273 2749 1310 2780 II.
1337 2749 1421 2789 Reg.
1447 2747 1551 2779 XXIII
1584 2758 1632 2788 10,
1659 2748 1682 2780 I.
1712 2748 1822 2781 Paral.

504 2794 559 2832 XI,
590 2802 640 2826 12.
717 2795 770 2827 33.
792 2795 839 2827 St.
860 2794 1023 2826 ‘rhomae
1040 2795 1132 2837 Opp.
1151 2801 1237 2826 tom.
1257 2795 1285 2826 X
1301 2796 1371 2835 (ed.
1393 2795 1494 2828 Rom.
1516 2793 1629 2837 1899),
1651 2804 1729 2836 pag.
1747 2795 1822 2835 534.

509 2841 561 2881 37.
595 2842 641 2871 St.
668 2841 853 2882 Augustini
881 2842 972 2883 Opp.
1006 2848 1090 2873 tom.
1118 2842 1173 2881 VI,
1201 2851 1278 2882 pag.
1303 2851 1383 2884 492.
