2050 3292
262 225 352 253 cAp.
373 217 502 271 xxm]
726 229 860 261 LIBER
886 227 1096 261 TERTIUS.
1776 232 1855 270 493

261 342 381 371 tatem
417 346 493 383 que
523 342 580 370 est
612 334 685 371 Dei
718 334 885 372 dileccio
923 343 981 371 est
1012 334 1336 383 perfectissimus,
1377 347 1466 371 cum
1501 348 1570 383 per

259 404 301 428 se
334 392 373 428 in
404 392 472 428 illa
506 391 689 428 consistit
732 401 816 428 tota
862 392 1079 429 christiana
1124 392 1282 440 religio;
1328 394 1396 429 sed
1433 393 1569 430 huius-

261 449 368 485 modi
403 458 459 486 est
492 458 617 486 status
640 449 860 486 vivencium
896 451 1115 486 secundum
1149 459 1427 498 paupertatem
1453 463 1570 487 evan-

258 507 440 553 gelicam,
475 520 568 555 ergo
601 507 819 546 conclusio.
852 508 984 544 Minor
1016 516 1126 556 patet
1158 521 1202 545 ex
1234 509 1310 545 hoc
1333 509 1442 556 quod
1464 508 1570 545 iuxta

225 564 364 602 §dicta
396 565 468 601 Dei
501 564 669 601 dileccio
702 573 779 602 stat
811 565 851 601 in
890 565 973 602 eius
1006 565 1167 602 assidua
1207 565 1568 614 contemplacione.

256 622 442 658 Attencio
486 635 577 659 vero
623 624 671 659 ad
717 623 954 671 temporalia
999 624 1146 659 nedum
1186 623 1357 661 suffocat
1387 625 1565 671 verbum,

256 681 324 716 sed
358 688 602 728 preoccupat
635 689 808 717 mentem
833 693 883 717 ne
906 682 1096 717 ascendat
1123 681 1161 716 in
1186 683 1327 717 Deum.
1363 683 1565 726 Quantum
1645 698 1723 726 Care
1743 700 1791 727 for

256 739 305 773 ad
337 739 557 774 arduorum
591 738 900 786 aggressionem,
934 737 1022 787 quis
1055 747 1111 775 est
1144 739 1269 786 magis
1302 738 1568 786 pusillanimis
1657 734 1769 761 Wfflffl‘

256 808 375 843 quam
430 796 681 832 mundanus?
733 809 822 833 cum
862 797 1011 832 nedum
1064 809 1146 832 non
1199 798 1317 833 audet
1364 796 1567 844 corripere
1594 768 1845 832 Wiiii‘rigfflfvriariihe

202 869 240 890 10
255 861 419 901 propter
440 853 625 890 timorem
651 854 880 891 amissionis
901 854 1186 902 temporalium
1215 856 1282 890 sed
1306 867 1378 890 nec
1402 863 1566 902 propter
1582 837 1857 901 maffecssdhgmssore

255 911 456 948 Christum
504 924 648 959 corpus
693 911 900 960 proprium
947 911 1105 948 ieiuniis
1145 912 1352 960 castigare,
1399 914 1466 948 sed
1499 925 1565 949 vo—
1598 907 1775 971 depepndeennt
1796 917 1834 936 on

253 969 473 1017 luptatibus
506 969 663 1007 deditus
695 977 855 1006 necesse
888 970 1008 1006 habet
1040 969 1308 1006 mundialibus
1342 969 1495 1006 adulari
1529 979 1565 1006 et
1756 964 1761 970 ’

252 1025 484 1075 irreligiosis
518 1027 789 1064 contractibus
821 1027 1032 1076 implicari.
1086 1028 1190 1073 Quid
1224 1040 1317 1075 ergo
1350 1027 1443 1064 facit
1475 1028 1565 1064 talis

252 1097 324 1132 pro
358 1084 504 1122 Christi
537 1085 703 1122 nomine
746 1098 864 1134 quem
898 1093 1057 1133 oportet
1089 1087 1138 1122 ad
1179 1085 1390 1121 minimum
1425 1085 1456 1121 si
1489 1087 1564 1122 sal-

198 1148 234 1180 15
251 1142 333 1178 vari
368 1144 510 1180 debeat
553 1144 694 1180 tollere
726 1156 879 1180 crucem
912 1156 1020 1179 suam
1054 1151 1088 1179 et
1120 1144 1273 1193 agendo
1306 1144 1561 1193 penitenciam

133 1210 209 1236 200c
249 1201 356 1249 sequi
381 1201 609 1237 Christum?
636 1198 640 1254 Ι
669 1204 755 1238 Non
780 1214 872 1249 ergo
896 1201 1058 1237 dubium
1078 1201 1174 1249 quin
1189 1210 1314 1237 status
1337 1213 1559 1249 pauperum

251 1258 573 1307 evangelicorum
609 1268 667 1295 est
701 1259 940 1307 disposicior
972 1260 1022 1296 ad
1054 1260 1128 1295 hec
1162 1260 1254 1297 duo.
1288 1261 1336 1295 Et
1365 1268 1558 1307 quantum

249 1317 302 1351 acl
350 1317 701 1354 renunciacionem
742 1317 1041 1365 temporalium,
1095 1325 1205 1365 patet
1248 1318 1356 1365 quod
1409 1330 1561 1365 pauper

249 1375 500 1422 evangelicus
532 1383 575 1412 ut
606 1375 662 1412 sic
683 1375 906 1412 voluntarie
930 1374 1139 1412 renunciat
1163 1388 1236 1423 pro
1259 1387 1397 1412 amore
1414 1375 1557 1411 Christi

192 1448 233 1469 20
248 1431 398 1469 diviciis
431 1442 469 1469 et
501 1433 653 1470 deliciis
687 1433 837 1483 mundi,
880 1433 1024 1482 quibus
1065 1433 1279 1469 mundialis
1313 1445 1355 1469 ex
1389 1432 1559 1469 carnali-

246 1498 328 1526 tate
359 1489 555 1529 innititur.
590 1492 704 1528 Unde
735 1504 784 1528 ne
816 1500 938 1539 ponat
970 1503 1080 1539 spem
1114 1490 1155 1527 in
1186 1490 1476 1539 temporalibus
1497 1491 1559 1527 vel

247 1548 286 1584 in
321 1550 485 1595 mundo,
519 1551 587 1586 sed
620 1549 760 1597 pocius
793 1549 832 1585 in
856 1552 939 1586 Deo
964 1549 1032 1598 qui
1060 1562 1139 1585 non
1173 1548 1319 1585 deserit
1350 1558 1557 1596 sperantes

247 1606 287 1642 in
331 1619 372 1643 se
416 1607 634 1655 prescindit
678 1607 751 1644 sibi
796 1607 1051 1644 occasionem
1085 1606 1306 1644 saturitatis
1340 1608 1554 1645 mundane.

247 1665 361 1701 Unde
393 1665 432 1701 in
464 1665 825 1714 predicacionibus,
857 1665 1014 1702 ieiuniis
1037 1673 1074 1701 et
1096 1665 1353 1701 oracionibus
1375 1665 1556 1701 vixerunt

191 1727 230 1759 25
247 1722 428 1759 Christus
473 1732 511 1760 et
554 1723 613 1759 sui
659 1723 843 1771 discipuli
895 1736 940 1760 ac
993 1722 1283 1771 religiosissimi
1336 1722 1554 1762 christiani.

246 1782 464 1829 Postquam
499 1790 630 1818 autem
666 1781 786 1817 dediti
819 1790 911 1817 sunt
945 1783 1096 1817 mundo
1128 1783 1289 1829 tepebat
1320 1780 1471 1828 religio.

180 1843 209 1875 G
305 1839 420 1875 Unde
452 1838 607 1887 signum
643 1839 802 1876 evidens
836 1848 905 1884 est,
951 1840 1058 1887 quod
1092 1840 1345 1876 observantes
1383 1851 1555 1886 pauper-
1570 1844 1638 1883 The
1658 1845 1743 1886 chief
1759 1846 1847 1883 thing

245 1904 368 1932 tatem
417 1897 682 1944 evangelicam
729 1897 770 1933 in
815 1896 972 1933 ieiuniis
1017 1905 1055 1933 et
1098 1897 1353 1935 oracionibus
1399 1905 1435 1932 et
1468 1896 1555 1933 aliis
1613 1883 1802 1951 ¹}{8‡{{¹y¹¹331

246 1954 530 2002 penalitatibus
575 1968 664 1991 cum
710 1955 857 1992 sanctis
901 1955 1250 1991 exhortacionibus
1283 1954 1360 1991 sint
1394 1953 1556 2002 reliquis
1633 1953 1775 1978 outward

190 2019 232 2050 30
246 2012 525 2060 religiosiores,
549 2023 591 2049 ut
613 2013 787 2050 ostendit
809 2021 967 2050 sanctus
981 2014 1159 2049 Thomas
1187 2014 1365 2050 secunda
1385 2012 1556 2049 secunde
1599 1990 1821 2056 ssgv{{{{p¹t¹j¹3{

245 2070 453 2119 questione
486 2072 717 2107 CLXXXVI
758 2080 794 2107 et
832 2072 1113 2107 CLXXXVIII.
1167 2073 1383 2119 Paupertas
1423 2081 1553 2107 autem

246 2129 430 2165 mentalis
463 2142 581 2178 quam
617 2128 694 2164 dixi
728 2128 861 2177 sepius
894 2141 978 2166 esse
1011 2128 1204 2176 signatam
1238 2141 1310 2177 per
1341 2129 1413 2164 hec
1445 2128 1556 2175 signa

245 2186 463 2223 extrinseca
508 2195 565 2223 est
610 2199 681 2235 per
725 2200 764 2223 se
810 2199 930 2223 causa
976 2186 1180 2234 religionis
1226 2185 1389 2224 Christi.
1443 2186 1556 2222 Unde

245 2243 339 2292 quia
371 2245 442 2281 hec
475 2244 588 2293 signa
630 2244 849 2281 extrinseca
893 2253 1061 2293 possunt
1106 2245 1243 2281 fallere
1288 2244 1328 2280 in
1360 2243 1556 2292 signando

190 2308 229 2340 35
246 2301 370 2338 animi
405 2301 626 2349 caritatem,
674 2315 747 2339 nec
779 2315 861 2339 non
893 2310 971 2339 stat
1004 2311 1308 2339 conversantem
1349 2301 1387 2337 in
1422 2301 1556 2338 seculo

246 2369 429 2396 vocatum
477 2360 704 2408 religiosum
741 2361 956 2408 precellere
990 2361 1170 2410 caritate,
1215 2360 1269 2396 ita
1303 2361 1410 2408 quod
1445 2359 1557 2407 signa

245 2418 464 2455 extrinseca
508 2431 588 2454 non
633 2420 912 2455 demonstrant
957 2420 1124 2466 gradum
1172 2417 1348 2454 caritatis
1380 2418 1440 2454 vel
1473 2417 1557 2453 eius

126 2481 207 2513 200d
244 2476 489 2524 oppositum,
543 2477 611 2512 sed
656 2476 784 2512 solum
835 2477 929 2512 dant
974 2476 1132 2524 signum
1177 2475 1379 2524 topicum3
1422 2472 1425 2528 Ι
1467 2475 1557 2510 ideo

244 2535 490 2571 contendunt
521 2533 804 2582 possessionati
850 2543 887 2569 et
933 2534 1207 2570 mendicantes
1240 2533 1476 2569 altrinsecus
1510 2534 1557 2569 de

187 2592 494 2639 4operfeccione
539 2605 702 2629 suorum
737 2600 925 2637 statuum,
960 2593 1007 2628 de
1040 2591 1207 2628 fallaciis
1240 2604 1403 2628 suorum
1440 2604 1556 2638 argu-

244 2659 470 2686 mentorum
507 2658 543 2686 et
575 2651 622 2686 de
641 2649 872 2698 irreligiosis
894 2649 1081 2698 operibus
1111 2662 1185 2698 que
1202 2649 1480 2686 committunt:
1515 2657 1557 2684 ut

313 2815 355 2847 22.
372 2808 482 2842 pocius
491 2817 500 2839 ‚·
514 2807 541 2834 iu
559 2816 655 2842 marg.
671 2808 708 2835 al.
726 2815 818 2834 manu
831 2818 835 2833 z
850 2807 1011 2835 sincerius.
1085 2807 1127 2835 28.
1144 2807 1374 2842 evangelicams
1395 2806 1425 2833 in
1441 2814 1555 2841 marg.:

244 2846 457 2869 exlrztzsecam.
