2050 3292
166 864 202 884 Io

166 1141 200 1173 15

98 1428 172 1461 162d

218 223 305 251 CAP.
327 214 425 267 xix]
680 225 817 256 LIBER
843 224 1051 256 TERTIUS.
1728 230 1808 267 403

218 341 299 368 tute
331 331 526 368 sermonis
552 330 846 378 infringibiliter
875 343 979 366 vera.
1015 332 1159 367 Sensus
1185 339 1318 366 tamen
1343 331 1521 367 litteralis
1538 327 1741 388 obserffissperto
1762 330 1810 354 1¹¹0

217 390 410 437 scripture
435 388 648 436 dupliciter
673 397 801 435 potest
835 388 1020 435 intelligi:
1054 389 1114 424 vel
1148 401 1220 436 pro
1253 401 1368 425 sensu
1402 401 1521 436 quem
1717 383 1723 389 ⁶

217 447 343 494 ignari
377 446 630 494 grammatici
657 454 692 481 et
720 445 819 492 layci
852 445 984 492 primo
1019 446 1193 492 eliciunt,
1217 447 1277 482 vel
1310 459 1382 494 pro
1406 458 1522 482 sensu

218 516 335 552 quem
362 517 403 540 ex
428 503 608 539 doctrina
629 502 799 551 Spiritus
822 504 956 539 Sancti
989 505 1129 540 doctor
1163 503 1382 539 catholicus
1407 505 1523 539 debet

218 561 347 609 primo
383 561 536 597 elicere.
571 563 618 596 Et
651 561 725 597 iste
759 573 896 597 sensus
931 569 987 596 est
1020 561 1238 608 spiritualis
1273 561 1378 597 circa
1403 574 1519 609 quem

218 621 401 655 doctores
434 631 542 655 sacre
576 618 719 666 pagine
753 619 899 655 debent
932 618 1155 665 specialiter
1189 620 1383 655 laborare.

275 679 322 712 Et
355 678 410 712 sic
443 684 573 724 potest
606 675 772 723 intelligi
806 676 956 712 dictum
989 676 1172 723 Apostoli
1205 679 1246 715 II.
1272 679 1362 713 Cor.
1390 678 1450 721 ΙΙΙ,
1476 677 1518 713 6:
1538 684 1695 725 Tylieiiqlp
1717 685 1810 711 orme

218 735 366 770 Littera
406 734 554 780 occidit,
609 734 775 782 Spiritus
827 741 952 769 antem
1007 734 1184 783 vivificat.
1238 737 1365 771 Nemo
1418 719 1810 780 enin]{3¹{1¹125{12{{3{d

218 792 363 828 suflicit
410 791 630 839 intelligere
677 790 883 827 minimam
919 791 1115 839 scripture
1148 792 1402 839 particulam,
1447 791 1523 827 nisi
1597 788 1754 851 3522&th

218 850 386 897 Spiritus
420 851 585 886 Sanctus
631 849 831 897 aperuerit
875 849 947 885 sibi
981 862 1155 895 sensum,
1203 851 1303 886 sicut
1343 849 1522 886 Christus
1640 843 1656 858 ὃ
1708 845 1734 859 “’

217 907 307 943 fecit
351 907 556 955 apostolis.
605 908 719 943 Unde
766 907 986 944 catholicus
1019 907 1182 955 ignarus
1227 908 1324 944 recti
1370 921 1521 958 sensus,

217 978 288 1012 pro
319 974 500 1013 tempore
529 965 741 1002 iuventutis
772 966 920 1001 habens
952 977 1111 1001 sensum
1148 979 1373 1012 erroneum,
1408 967 1524 1002 debet

216 1023 326 1058 illum
374 1035 532 1059 sensum
580 1023 749 1068 abicere,
796 1032 832 1059 et
864 1023 995 1059 sensui
1030 1032 1137 1059 recto
1172 1037 1241 1071 per
1273 1036 1392 1071 quem
1427 1023 1521 1059 scri-

218 1089 333 1127 ptura
372 1094 484 1117 sacra
518 1081 584 1117 illa
617 1089 798 1117 sacratur
831 1081 1038 1116 intendere
1070 1081 1176 1117 iuxta
1209 1081 1307 1117 illud
1340 1081 1522 1129 Apostoli

218 1140 240 1176 I.
275 1139 365 1177 Cor.
393 1140 490 1183 XIII,
521 1151 588 1176 11:
628 1139 721 1173 Cum
757 1150 874 1175 essem
907 1139 1108 1186 parvulus,
1144 1140 1328 1187 loquebar
1361 1146 1399 1173 ul
1427 1151 1522 1188 par-

218 1197 339 1242 vulus,
394 1197 587 1245 sapiebam
634 1204 672 1231 ut
710 1196 913 1245 parvulus,
967 1197 1185 1246 cogitabam
1232 1205 1271 1231 nt
1309 1197 1524 1245 parvula&

217 1254 367 1301 quando
412 1261 536 1290 autem
563 1254 699 1301 factus
731 1267 813 1289 snm
848 1254 921 1298 vir,
969 1255 1154 1290 evacuavi
1185 1266 1253 1302 que
1286 1262 1397 1289 erant
1428 1267 1522 1302 par-

218 1312 307 1349 vuli.
340 1313 454 1348 Tunc
478 1312 580 1347 enim
617 1311 896 1359 cognoscimus
920 1313 989 1347 has
1016 1312 1339 1361 consequencias,
1373 1312 1403 1347 si
1426 1311 1521 1348 scri-

217 1377 333 1417 ptura
365 1382 477 1406 sacra
508 1369 557 1406 sit
590 1369 808 1417 figurativa,
842 1377 937 1405 tunc
972 1378 1029 1405 est
1060 1382 1149 1406 vera
1185 1371 1232 1405 de
1264 1370 1407 1406 virtute
1441 1382 1521 1405 ser-

218 1427 365 1475 monis;
400 1427 430 1464 si
454 1427 652 1475 scriptura
675 1427 888 1475 quicquam
920 1426 923 1476 Ι
955 1429 1001 1463 de
1025 1430 1106 1463 Deo
1130 1427 1306 1475 loquitur
1338 1426 1522 1463 humanis

216 1485 390 1536 vocibus,
423 1493 516 1521 tunc
539 1484 694 1521 locucio
719 1494 776 1520 est
810 1485 1024 1532 figurativa.
1060 1485 1100 1521 Si
1133 1485 1360 1533 quisquam,
1397 1484 1521 1521 eciam

217 1551 375 1579 sanctus
400 1556 445 1580 ac
478 1543 633 1579 subtilis
659 1544 810 1588 doctor,
846 1542 1122 1591 equivocando
1138 1552 1257 1591 negat
1278 1542 1518 1590 scripturam

215 1613 370 1637 sacram
405 1603 452 1637 de
484 1601 625 1637 virtute
658 1600 854 1637 sermonis
888 1613 970 1636 esse
1003 1613 1151 1647 veram,
1197 1614 1277 1637 non
1312 1613 1357 1637 eo
1392 1600 1520 1636 minus

215 1658 300 1706 ipsa
333 1659 528 1707 scriptura
562 1667 696 1694 manet
730 1659 769 1694 in
801 1658 941 1694 virtute
975 1659 1168 1695 stabiliter
1201 1668 1237 1695 et
1271 1659 1519 1695 inconcussa.

158 1721 196 1752 25
217 1719 272 1752 De
305 1716 380 1753 isto
415 1717 491 1753 dixi
525 1717 566 1753 in
599 1717 676 1752 fine
710 1718 756 1751 III
792 1716 918 1752 huius.

159 2010 198 2039 '3'0

156 2296 196 2328 35

154 2594 197 2623 40

273 1777 313 1810 In
347 1774 419 1811 isto
451 1783 588 1811 tamen
622 1783 678 1810 est
709 1774 879 1810 verbalis
913 1773 1119 1817 dissensio,
1154 1783 1196 1810 ut
1227 1774 1391 1822 quidam
1427 1775 1519 1810 doc-
1554 1781 1796 1820 Some-doersum

215 1840 319 1868 tores
355 1833 481 1880 magis
513 1833 652 1868 volunt
686 1844 844 1868 sensum
881 1831 1075 1879 puerilem
1111 1832 1283 1878 obicere,
1330 1833 1397 1867 sed
1431 1844 1519 1867 cum
1544 1817 1799 1885 ῗῃξξξξᾷἓξῒξὲιξξ

214 1901 329 1925 sensu
365 1890 563 1926 catholico
587 1890 723 1926 volunt
755 1890 886 1937 ipsum
910 1902 989 1926 non
1014 1890 1204 1926 assertive
1230 1889 1518 1937 cointelligere3
1546 1885 1599 1954 qi}
1615 1886 1789 1947 ᾖξὲἷρεῒὲἶῖξυ

215 1956 251 1983 et
284 1948 338 1984 sic
372 1948 509 1985 dicunt
553 1948 793 1996 scripturam
839 1960 995 1983 sacram
1042 1949 1089 1983 de
1133 1948 1274 1984 virtute
1322 1946 1518 1983 sermonis
1563 1955 1597 1980 of
1614 1954 1653 1981 its
1673 1956 1778 1993 words

215 2017 297 2041 esse
331 2006 486 2043 falsam.
539 2007 645 2042 Istud
679 2015 810 2041 autem
853 2005 1014 2041 dubium
1061 2005 1243 2054 relinquo
1276 2005 1398 2053 oncis
1432 2017 1517 2053 per·
1551 1989 1787 2051 talrgpeipfigzgily

213 2065 479 2109 tractandum,
526 2063 703 2100 solicitus
749 2065 797 2099 ad
843 2062 1142 2110 intelligendum
1190 2064 1330 2099 librum
1363 2062 1519 2099 viteret

214 2121 395 2158 veritates
435 2130 589 2158 eternas
622 2121 662 2157 in
696 2121 780 2169 ipso
812 2121 1016 2167 fundata53
1061 2134 1229 2169 quorum
1264 2130 1430 2169 uterque
1464 2128 1520 2156 est

214 2178 407 2226 scriptura
440 2192 563 2216 sacra.
600 2179 767 2215 Codices
800 2186 931 2215 autem
965 2187 1122 2215 nostros
1146 2192 1244 2216 voco
1278 2179 1516 2226 scripturam

213 2248 367 2272 sacram
412 2237 602 2285 equivoce
647 2236 771 2273 tercio
818 2238 938 2273 modo
980 2237 1145 2283 dictam3
1191 2237 1369 2285 eqzcivoce
1414 2236 1516 2281 dico,

214 2293 305 2341 quia
350 2307 429 2330 non
475 2303 532 2330 est
571 2294 647 2330 nisi
691 2294 848 2342 pictura
894 2303 1047 2330 remota
1081 2295 1309 2331 humanitus
1343 2293 1519 2341 inposita

214 2352 263 2386 ad
297 2351 600 2399 significandum
635 2352 852 2400 scripturas
885 2351 1057 2400 priores;
1098 2365 1174 2400 que
1209 2365 1253 2388 eo
1289 2352 1426 2388 melius
1459 2351 1516 2386 in-
1585 2357 1662 2384 This
1683 2359 1708 2385 is
1730 2367 1744 2384 a

213 2408 402 2456 telligitur
435 2423 512 2457 quo
558 2409 720 2446 dimissa
765 2409 992 2446 attencione
1033 2412 1082 2446 ad
1121 2410 1228 2446 illam
1278 2409 1435 2445 animus
1478 2410 1517 2444 in
1552 2393 1785 2454 'neffss'tsxe'ssf'm

213 2466 419 2503 veritatem
467 2467 639 2504 debitam
686 2467 851 2515 intelligi
898 2467 1022 2515 magis
1074 2467 1190 2504 unice
1243 2467 1516 2515 suspenditur3

213 2526 320 2571 quod
354 2525 384 2560 si
431 2525 584 2561 dicatur
629 2524 860 2572 inpossibile
907 2526 1009 2561 male
1053 2526 1114 2561 vel
1172 2524 1404 2572 inpossibile
1448 2536 1518 2571 per

214 2581 340 2628 ipsam
376 2582 701 2631 intelligentibus,
749 2582 849 2618 sicut
891 2591 1055 2619 vocatur
1088 2583 1146 2618 sol
1182 2591 1217 2618 et
1262 2583 1339 2619 alia
1385 2582 1516 2630 inpos-

213 2638 342 2675 sibilia
377 2652 419 2676 ex
452 2652 585 2677 errore
617 2641 793 2676 humano
827 2639 1078 2688 inpossibiles
1112 2641 1338 2688 complexus
1372 2639 1518 2687 signifi-

282 2767 325 2787 22.
348 2761 447 2789 Cod„
471 2763 643 2797 quisquam.

284 2822 312 2853 3.
339 2821 389 2852 De
418 2821 517 2853 Civili
544 2822 709 2853 Dominio
735 2822 756 2861 1,
783 2830 850 2864 437
877 2832 977 2864 seqq.

1312 2876 1381 2910 26*
