2050 3292
200 236 279 276 522

246 524 352 551 Venia}
374 523 420 550 sin

236 558 386 594 persisted
408 558 437 584 in

265 596 407 620 becomes

276 629 397 656 mortal.

239 2217 395 2252 l)iiticulty
417 2216 451 2242 ot'

221 2251 465 2287 distinguishing

217 2288 353 2314 between
376 2286 474 2313 venial

244 2322 303 2350 and
325 2321 446 2349 mortal.

914 233 973 267 DE
1003 234 1140 266 Ctvni
1168 234 1379 265 Donmio.
1563 221 1670 276 [CAP.
1691 232 1800 260 xxw.

488 342 654 385 Minuta,
703 339 843 388 inquit,
883 349 1044 390 peccata
1083 342 1203 390 plura
1248 342 1282 377 si
1318 341 1574 392 negligantur
1606 341 1804 386 occidunt,-

489 399 580 435 ideo
613 398 709 435 dicit
741 399 850 446 quod
884 398 1157 447 equivalenter
1189 399 1407 446 grandibus
1441 407 1478 435 et
1506 399 1689 435 letalibus
1712 411 1802 447 pec-

490 456 586 493 catis
637 469 718 492 non
762 457 890 492 solum
941 469 984 493 ex
1031 456 1108 493 illis
1152 457 1372 494 venialibus
1418 456 1593 493 effective
1639 458 1804 493 resultat

492 515 672 560 mortale,
726 515 795 550 sed
839 516 947 562 quod
992 514 1159 563 quilibet
1191 514 1366 561 illorum,
1411 522 1625 563 postquam
1673 514 1803 562 primo

490 572 606 609 fuerit
628 571 794 618 veniale,
829 584 871 608 ex
895 585 1008 609 mora
1032 581 1069 609 et
1092 572 1394 621 complacencia
1418 572 1461 609 fit
1496 573 1676 617 mortale,
1710 572 1836 620 quia5

490 631 681 666 inducens
707 639 897 677 mortem;
932 639 968 667 et
992 630 1047 667 sic
1071 630 1174 667 idem
1199 639 1408 679 peccatum
1440 639 1571 678 potest
1601 630 1802 666 infinitum

490 700 667 725 crescere
711 687 925 735 gravedine
972 701 1013 725 ex
1054 688 1362 726 circumstancia
1395 697 1649 736 aggravante.
1701 691 1801 725 Nam

488 758 607 782 omne
651 754 861 793 peccatum
908 745 948 782 in
993 748 1134 783 eodem
1177 746 1356 783 subiecto
1389 755 1599 794 peccatum
1635 747 1805 783 mortale

490 803 767 841 concomitans
813 813 870 840 est
915 804 1098 850 mortale,
1144 806 1212 840 sed
1259 813 1467 852 peccatum
1509 804 1619 852 prius
1652 804 1804 840 veniale

490 861 787 899 concomitatur
810 861 850 897 in
875 863 1014 898 eodem
1040 862 1219 899 subiecto
1248 870 1457 910 peccatum
1489 862 1670 901 mortale.
1703 864 1803 898 Nam
1827 876 1863 896 ιο

490 920 597 957 iuxta
630 919 736 956 dicta
771 919 1010 956 criminosus
1055 929 1195 968 peccat
1230 920 1421 957 continue
1451 920 1641 969 quicquid
1668 919 1805 956 fecerit

491 979 550 1015 vel
573 977 766 1023 omiserit,
801 977 892 1014 licet
925 977 1044 1014 fuerit
1078 979 1230 1015 bonum
1265 980 1312 1015 de
1346 990 1509 1026 genere3
1544 980 1611 1014 sed
1634 991 1715 1014 non
1749 987 1806 1014 est

491 1035 667 1084 fingibile
711 1037 820 1084 quod
853 1044 990 1083 peccet
1024 1048 1067 1072 ex
1100 1037 1255 1073 defectu
1288 1036 1422 1084 gracie
1460 1036 1535 1072 nisi
1570 1036 1805 1083 mortaliter,

491 1103 529 1130 et
562 1093 749 1130 continue
781 1095 877 1130 dum
912 1102 969 1130 est
1003 1094 1241 1131 criminosus
1265 1103 1404 1142 peccat
1433 1094 1669 1141 mortaliter,
1704 1094 1807 1131 sicut

492 1151 680 1189 continue
714 1153 955 1190 demeretur.
1828 1154 1864 1187 15

550 1209 755 1256 Similiter,
800 1209 932 1258 posito
977 1210 1085 1259 quod
1119 1212 1257 1247 Petrus
1298 1209 1466 1248 existens
1499 1209 1539 1246 in
1573 1209 1708 1258 gracia
1742 1211 1808 1246 de·
1848 1213 1873 1245 E

493 1268 600 1305 ficiat
643 1267 868 1304 omittendo
913 1276 1063 1304 certum
1112 1269 1261 1304 cultum
1299 1267 1383 1315 Dei,
1430 1267 1485 1304 sic
1530 1276 1665 1304 tamen
1699 1269 1809 1316 quod

492 1325 726 1374 ignorancia
770 1325 1011 1365 invincibilis
1056 1326 1186 1374 ipsum
1235 1335 1390 1363 excuset
1424 1339 1445 1362 a
1482 1325 1655 1371 mortali,
1701 1338 1808 1374 pono

493 1385 602 1433 quod
645 1383 805 1421 interim
851 1382 1078 1420 innotescat
1123 1383 1197 1420 sibi
1241 1386 1348 1433 quod
1388 1393 1545 1420 tenetur
1588 1385 1661 1420 sub
1707 1395 1809 1431 pena

493 1441 800 1490 dampnacionis
822 1441 1119 1490 interrumpere
1142 1441 1402 1478 omissionem
1428 1450 1466 1478 et
1490 1443 1619 1478 colere
1646 1437 1652 1494 Ι
1682 1443 1807 1477 Deum
1851 1444 1931 1477 212¹*

494 1513 624 1547 suum,
658 1512 764 1548 pono
797 1508 933 1536 tamen
967 1502 1075 1548 quod
1108 1500 1269 1537 omittat
1303 1512 1345 1536 ex
1380 1499 1538 1536 malicia
1561 1499 1663 1536 sicut
1686 1499 1808 1548 prius,

493 1557 676 1607 quamvis
732 1566 818 1594 tum
868 1557 1035 1605 incipiat
1078 1571 1226 1595 novum
1272 1566 1495 1605 peccatum,
1543 1570 1634 1594 curn
1685 1557 1810 1594 conti-

496 1627 642 1653 nuatur
675 1617 815 1652 eadem
850 1615 1016 1652 omissio
1049 1615 1285 1662 successiva,
1319 1615 1421 1652 sicut
1454 1625 1491 1652 et
1520 1615 1624 1651 idem
1650 1615 1811 1652 effectus

494 1675 534 1711 in
579 1686 749 1710 numero
782 1674 917 1722 quoad
950 1673 1174 1710 subiectum
1209 1683 1246 1710 et
1284 1673 1506 1721 obiectum3
1553 1682 1589 1710 et
1623 1686 1712 1710 cum
1747 1673 1812 1709 ille

496 1733 673 1769 defectus
705 1733 928 1768 secundum
961 1745 1082 1768 unam
1118 1741 1272 1780 partem
1308 1731 1573 1768 successivam
1608 1730 1680 1767 fuit
1702 1731 1867 1779 priu525

495 1790 647 1827 veniale
680 1799 891 1838 peccatum
925 1799 962 1826 ct
996 1791 1255 1838 postmodum
1291 1798 1500 1838 peccatum
1534 1790 1716 1835 mortale,
1750 1802 1811 1825 ex-

496 1849 618 1885 tincta
641 1848 788 1896 gracia,
818 1847 999 1897 sequitur
1023 1850 1292 1896 probandum.
1327 1849 1518 1884 Ponendo
1542 1856 1675 1884 autem
1700 1856 1812 1884 actus

498 1917 533 1943 et
566 1919 687 1954 opera
722 1915 884 1954 peccata
920 1907 980 1943 vel
1011 1906 1190 1943 subiecta
1224 1915 1481 1955 peccatorum
1517 1914 1585 1942 aut
1613 1904 1812 1942 sacrificia

498 1978 569 2013 pro
603 1963 792 2013 peccatis,
838 1964 940 2001 sicut
985 1964 1183 2012 scriptura
1228 1976 1394 2012 persepe
1432 1963 1623 2013 loquitur,
1681 1962 1813 1999 minor

497 2023 654 2059 videtur
687 2022 902 2059 difficultas
935 2022 1133 2071 probandi
1157 2024 1264 2071 quod
1288 2031 1499 2070 peccatum
1529 2034 1635 2058 nunc
1658 2021 1811 2058 veniale
1830 2026 1871 2058 30

498 2081 572 2117 erit
616 2080 715 2117 alias
760 2080 929 2117 mortale
974 2089 1010 2117 et
1055 2089 1232 2118 econtra.
1287 2080 1506 2128 Supposito
1544 2079 1665 2128 igitur
1704 2080 1811 2128 quod

497 2140 711 2187 loquamur
734 2138 956 2175 formaliter
972 2140 1020 2174 de
1044 2147 1210 2187 peccato
1230 2147 1266 2175 et
1285 2137 1582 2188 distinguamus
1600 2146 1810 2186 peccatum

497 2197 651 2234 veniale
684 2209 705 2233 a
739 2196 899 2233 mortali
932 2196 1039 2233 iuxta
1073 2196 1345 2233 differenciam
1380 2197 1552 2233 secunde
1596 2194 1811 2243 opinionis,

498 2265 535 2293 et
569 2254 694 2293 tercio
727 2256 837 2303 quod
871 2255 1039 2291 mortale
1072 2254 1225 2291 inducit
1260 2262 1430 2291 mortem
1463 2253 1596 2290 anime
1619 2253 1812 2301 privando

497 2313 689 2363 graciam,
734 2312 889 2349 veniale
936 2325 1028 2350 vero
1081 2325 1176 2359 non,
1229 2312 1297 2348 sed
1349 2311 1539 2348 diminuit
1583 2311 1868 2349 caritatem:35

496 2371 653 2408 videtur
698 2370 914 2407 difficultas
959 2383 1002 2407 ex
1047 2383 1127 2419 quo
1160 2370 1274 2418 signo
1307 2369 1422 2407 debet
1454 2368 1639 2417 cognosci
1673 2381 1811 2405 eorum

498 2427 717 2466 distinccio.
762 2428 931 2465 Videtur
965 2428 1071 2464 enirn
1106 2427 1378 2465 differenciam
1414 2426 1715 2475 Lyncolniensis
1748 2427 1812 2463 de-

500 2487 631 2534 ficere,
666 2499 754 2523 cum
790 2499 909 2523 omne
942 2495 1152 2535 peccatum
1193 2485 1243 2522 sit
1277 2485 1552 2534 multipliciter
1584 2484 1809 2521 dissuasum

499 2554 618 2593 atque
662 2544 928 2593 prohibitum3
974 2545 1076 2581 sicut
1109 2543 1213 2580 enim
1249 2543 1288 2580 in
1316 2552 1420 2581 statu
1463 2542 1711 2590 innocencie,
1757 2542 1812 2578 sic

500 2761 523 2788 C
548 2728 609 2789 dio,
632 2727 799 2760 St'militer;
825 2727 855 2754 in
883 2734 997 2760 marg:
1023 2727 1110 2753 sicut.
1190 2734 1234 2752 20.
1266 2725 1360 2752 Cod.:
1389 2725 1595 2758 interrupere.
1664 2730 1709 2750 22.
1750 2731 1806 2751 um.

527 2770 544 2788 o
571 2771 594 2788 ,τ
616 2765 726 2789 tamen.

576 2856 599 2876 1.
627 2846 709 2877 lbid.
736 2852 819 2878 tom,
841 2846 880 2888 V,
907 2855 984 2887 pag.
1014 2845 1066 2878 53.
