2050 3292
208 216 289 253 628

253 855 282 882 A
302 853 387 881 work
408 854 442 880 of

238 888 357 923 charity
378 888 457 915 done

220 925 250 951 in
271 923 322 950 life
342 924 367 950 is
388 931 474 950 more

251 957 449 986 meritorious

227 994 299 1020 than
319 992 467 1028 anything

235 1028 314 1055 done
332 1027 466 1062 through

262 1066 433 1089 executorS.

915 219 973 250 DE
1002 218 1137 250 civim
1164 217 1375 249 D0M1N1o.
1553 203 1662 259 [cAP.
1677 212 1803 240 xxvii.

495 335 731 374 perpetuum
764 333 801 361 et
833 337 981 360 novum
1015 324 1234 360 secundum
1271 322 1354 358 eius
1399 321 1709 367 humanitatem3
1757 322 1803 356 de

495 396 575 432 quo
598 385 624 422 I.
648 385 738 420 Cor.
762 384 811 418 XI
845 391 882 418 et
915 381 1092 430 quinque
1125 380 1309 428 capitulis
1340 381 1428 417 Joh.
1452 379 1658 427 evangelii.
1691 380 1804 415 Unde

495 441 741 489 Augustinus
773 439 813 476 in
846 442 902 475 De
936 441 1130 476 Sermone
1162 437 1325 475 Domini
1359 436 1536 485 capitulo
1558 438 1627 474 VI:
1659 437 1806 473 Auctor·

491 499 646 549 pietatis
689 498 726 534 in
769 509 884 534 cruce
907 498 1080 546 pendens
1111 503 1376 533 testamentum
1415 495 1595 540 condidit,
1640 494 1806 544 singulis

492 557 648 606 pietatis
678 568 798 605 opera
828 555 1079 600 distribuens;
1110 554 1293 603 apostolis
1321 553 1642 602 persecucionem,
1675 552 1806 587 Judeis

497 627 655 664 corpus,·
696 613 807 663 patri
854 613 1047 662 spiritum,
1101 612 1248 662 virgini
1290 611 1609 660 paranimphum,
1663 610 1808 645 latroni

493 673 756 723 paradysum,
784 670 985 720 peccatori
1015 670 1225 718 infernum,
1265 669 1483 705 christianis
1515 680 1608 704 vero
1635 667 1807 717 peniten-

497 731 595 766 tibus
646 729 926 765 commendavit
975 739 1127 764 crucem
1174 727 1406 777 promittens
1452 726 1660 775 premium.
1723 724 1808 761 Istis

498 786 776 835 exemplariter
808 785 1013 834 premissis
1045 793 1166 822 restat
1193 785 1326 821 videre
1358 784 1570 821 utilitatem
1607 783 1737 819 meriti
1769 783 1809 819 in

498 845 737 882 condicione
768 843 998 881 testamenti
1021 844 1242 880 secundum
1265 843 1368 890 leges
1393 844 1600 888 humanas,
1634 854 1706 889 pro
1730 853 1809 889 quo

497 903 628 952 primo
671 902 828 939 videtur
872 903 980 950 quod
1025 901 1237 937 minimum
1281 913 1381 948 opus
1426 898 1700 936 misericordie
1736 911 1809 946 pro

498 970 680 1009 tempore
724 960 916 998 viacionis
960 959 1107 996 factum
1154 959 1194 995 in
1240 958 1375 1006 gracia
1419 971 1441 994 a
1484 966 1675 993 testatore
1721 968 1809 1004 pre-

499 1018 694 1056 destinato
752 1017 802 1054 sit
853 1017 928 1054 sibi
982 1016 1227 1066 prestancius
1279 1017 1413 1064 quoad
1456 1014 1643 1051 meritum
1688 1027 1809 1063 quam

498 1076 695 1125 quotlibet
716 1076 821 1112 facta
844 1089 866 1112 a
888 1075 968 1112 suis
992 1074 1271 1112 executoribus
1300 1074 1387 1122 ipso
1413 1081 1583 1112 mortuo.
1617 1074 1810 1109 Probatur

498 1134 572 1171 sic:
607 1136 737 1171 Omne
768 1134 848 1170 tale
880 1146 980 1182 opus
1008 1132 1269 1181 predestinati
1292 1131 1457 1168 viventis
1481 1140 1539 1167 est
1562 1143 1652 1167 cum
1677 1129 1811 1178 gracia

498 1205 568 1241 per
612 1205 654 1229 se
699 1191 951 1228 meritorium
986 1187 1098 1243 [vite
1142 1199 1289 1236 eterne,
1335 1189 1488 1225 nullum
1533 1198 1667 1225 autem
1712 1200 1812 1236 opus

498 1251 646 1287 facturn
680 1258 770 1298 post
804 1258 974 1286 mortem
1008 1248 1238 1285 huiusmodi
1261 1246 1523 1295 predestinati
1552 1255 1609 1283 est
1631 1245 1706 1282 sibi
1730 1255 1811 1282 tarn

500 1307 764 1353 meritorium,
810 1319 903 1355 ergo
937 1307 1151 1345 conclusio.
1203 1305 1332 1342 Maior
1362 1314 1474 1354 patet
1507 1317 1551 1340 ex
1583 1306 1671 1351 hoc,
1705 1305 1813 1352 quod

499 1366 630 1403 omnis
653 1365 947 1414 predestinatus
970 1366 1065 1401 dum
1091 1373 1225 1401 manet
1247 1363 1287 1399 in
1311 1363 1445 1411 gracia
1467 1362 1614 1399 viando
1638 1370 1814 1398 meretur

501 1426 548 1461 de
581 1437 760 1472 congruo
791 1423 914 1460 vitam
948 1431 1198 1471 perpetuam,
1232 1421 1339 1458 iuxta
1372 1421 1470 1457 illud
1502 1421 1626 1457 Math.
1659 1421 1704 1465 X,
1739 1431 1811 1468 42:

506 1482 729 1531 Quicunque
766 1489 902 1531 potum
948 1481 1098 1517 dederit
1142 1481 1207 1516 uni
1248 1492 1299 1516 ex
1343 1478 1510 1515 minimis
1542 1478 1624 1515 istis
1656 1477 1812 1514 calicem

500 1552 596 1589 aque
615 1539 790 1590 frigide,
824 1546 972 1575 tantum
997 1539 1032 1574 in
1056 1539 1207 1575 nomine
1229 1537 1419 1586 discipuli,
1442 1537 1561 1572 Amen
1586 1536 1670 1572 dico
1695 1536 1814 1582 vobis,

501 1610 574 1634 non
613 1598 754 1647 perdet
797 1597 1013 1634 mercedem
1058 1609 1180 1634 suam.
1233 1597 1280 1631 Et
1323 1594 1503 1643 loquitur
1547 1595 1596 1630 de
1630 1594 1814 1630 mercede

500 1656 578 1692 vite
610 1663 816 1705 perpetue,
861 1667 938 1703 que
980 1663 1136 1691 tantum
1170 1654 1274 1690 valet
1318 1661 1509 1701 quantum
1552 1653 1674 1688 habes
1707 1651 1815 1687 iuxta

502 1713 609 1750 dicta
632 1744 639 1751 .
663 1742 672 1751 .
696 1741 705 1750 .
729 1713 906 1761 capitulo
939 1712 1055 1749 huius
1086 1713 1132 1749 V.
1171 1712 1304 1748 Minor
1336 1720 1471 1747 autem
1505 1722 1548 1746 ex
1580 1711 1655 1746 hoc
1688 1709 1816 1746 evidet

502 1773 610 1820 quod
648 1784 748 1819 opus
787 1771 1056 1820 quodcunque
1088 1770 1238 1807 factum
1272 1782 1344 1817 pro
1379 1777 1554 1815 mortuo,
1593 1769 1688 1804 dum
1727 1780 1815 1815 pre-

502 1829 594 1866 terit
637 1838 783 1866 statum
831 1828 1023 1877 merendi,
1067 1841 1149 1865 non
1192 1829 1356 1876 prodest
1400 1826 1474 1863 sibi
1513 1827 1563 1862 ad
1596 1824 1813 1862 maximum

502 1887 578 1924 nisi
618 1887 881 1924 accelerando
914 1886 1045 1935 ipsum
1078 1887 1128 1922 ad
1160 1885 1352 1934 gaudium
1385 1885 1492 1933 quod
1524 1883 1634 1931 prius
1670 1883 1816 1920 meruit

503 1946 564 1982 vel
608 1945 868 1981 diminuendo
914 1944 995 1981 eius
1039 1956 1183 1992 penam
1227 1943 1268 1980 in
1311 1941 1559 1991 purgatorio.
1613 1943 1691 1978 Sed
1725 1954 1814 1977 cum

503 2015 622 2040 omne
654 2002 853 2051 premium
888 2011 1127 2050 perpetuum
1171 2002 1212 2038 in
1246 2002 1330 2038 celo
1362 2001 1423 2037 vel
1462 1999 1606 2048 premii
1637 1999 1728 2035 talis
1761 1998 1815 2035 in-

504 2061 633 2097 tensio
666 2060 716 2097 sit
748 2060 950 2096 infinitum
985 2060 1234 2108 prestancius
1266 2071 1387 2107 quam
1412 2060 1560 2094 bonum
1587 2056 1816 2093 huiusmodi

237 2127 385 2162 ssequests
405 2132 473 2162 part
505 2119 742 2167 temporale,
777 2127 887 2166 patet
919 2117 1136 2155 conclusio.

216 2162 288 2196 only
306 2161 388 2199 *with
408 2161 491 2188 what

252 2199 330 2223 tneir
350 2204 456 2223 owner

234 2238 289 2258 can
309 2238 350 2257 no
370 2231 476 2266 longer

314 2265 398 2293 hold.

564 2179 619 2213 Ex
634 2189 712 2225 qua
726 2175 881 2213 videtur
896 2176 1008 2224 sequi
1030 2175 1210 2220 ulterius,
1235 2176 1342 2224 quod
1365 2174 1504 2210 inutile
1524 2183 1580 2210 est
1596 2173 1815 2221 plurimum

507 2236 681 2272 condere
696 2243 956 2280 testamenta3
980 2236 1192 2282 probatur:
1216 2231 1447 2269 huiusmodi
1465 2231 1632 2268 testacio
1648 2240 1818 2268 testatur

505 2301 738 2329 testatorem
771 2305 1005 2340 percussum
1029 2291 1202 2329 avaricia
1225 2304 1301 2340 que
1326 2290 1431 2327 tollit
1453 2298 1599 2326 statum
1626 2288 1816 2335 merendi,

507 2363 596 2398 ergo
630 2363 720 2386 cum
753 2350 844 2387 talis
876 2349 1043 2387 testacio
1076 2362 1157 2386 non
1190 2350 1354 2397 prodest
1386 2347 1458 2384 sibi
1489 2360 1561 2396 pro
1585 2348 1661 2384 hoc
1685 2347 1817 2383 seculo

506 2421 579 2445 nec
613 2408 739 2445 eciam
773 2421 846 2456 pro
869 2409 1017 2454 futuro,
1052 2407 1216 2444 racione
1240 2405 1419 2443 mortalis
1442 2405 1608 2454 peccati,
1639 2404 1819 2453 sequitur

508 2466 723 2505 conclusio.

564 2526 827 2572 Assumptum
861 2532 973 2572 patet
1011 2537 1084 2572 pro
1118 2524 1292 2560 secunda
1315 2531 1428 2571 parte
1461 2533 1504 2558 ex
1536 2520 1604 2557 illo
1636 2520 1817 2568 Apostoli

1829 858 1867 879 10

1832 1137 1868 1170 15

1851 1192 1934 1235 254‘1

1832 1715 1872 1747 25

1833 2006 1875 2038 30

1834 2294 1874 2327 35

508 2583 651 2630 Ephes.
672 2582 719 2629 V,
753 2592 796 2630 5:
842 2582 930 2618 Hoc
968 2582 1065 2618 enim
1098 2582 1231 2617 scitote
1262 2581 1530 2631 intelligentes,
1564 2579 1665 2627 quod
1697 2578 1818 2614 omnis
1831 2594 1876 2625 40

576 2716 618 2743 25.
638 2715 796 2743 Numerus
816 2715 941 2750 capituli
963 2715 1057 2742 deest.
1130 2714 1173 2742 25.
1195 2714 1290 2742 Cod.:
1312 2713 1428 2741 Maior.

578 2785 608 2816 3.
634 2776 671 2807 In
698 2777 798 2818 capit.
825 2777 880 2808 cit.
900 2776 1078 2807 Sermonis
1097 2775 1238 2806 Domini
1264 2773 1321 2806 hic
1346 2774 1445 2805 locus
1472 2784 1542 2805 non
1569 2778 1667 2804 extat.
1696 2772 1748 2806 Cf.
1768 2773 1817 2803 De

508 2823 634 2855 Verbis
659 2823 800 2854 Domini
827 2823 936 2854 Serm.
953 2821 1009 2862 VI,
1037 2822 1128 2863 Opp.
1155 2828 1239 2854 torn.
1259 2821 1299 2863 V,
1327 2820 1403 2862 357.
