2050 3292
178 227 259 270 614
895 236 953 267 DE
982 235 1118 267 cxviii
1146 235 1356 267 Domnulo.
1539 222 1647 279 [CAP.
1667 231 1777 260 xxv1.

467 353 583 389 posse
615 340 789 377 naturali
822 349 858 377 et
890 341 995 377 beati
1028 340 1247 378 secundum
1282 340 1468 377 ultimum
1509 341 1698 389 possibile
1732 343 1779 378 de

466 399 725 436 ordinacione
759 397 830 435 Dei
864 407 1012 435 eterna.
1060 399 1214 435 Taliter
1247 398 1353 435 enim
1387 398 1601 447 tripliciter
1635 398 1780 436 dicitur

465 457 652 493 ultimum
697 455 895 507 potencie,
949 456 1099 493 scilicet
1142 458 1364 493 secundum
1409 456 1665 493 ultimitatem
1712 458 1780 493 ab-

466 515 651 560 solutam,
697 515 917 552 secundum
963 514 1221 551 ultimitatem
1255 527 1326 563 pro
1365 523 1547 562 tempore
1580 513 1639 551 vie
1673 515 1780 551 ordi-

466 581 600 610 natam
645 583 682 609 et
726 574 945 609 secundum
982 572 1238 609 ultimitatem
1273 571 1332 608 vie
1366 585 1439 620 pro
1479 581 1660 621 tempore
1693 576 1814 620 per-5

466 640 586 679 petuo
620 630 862 676 ordinatam,
898 630 1000 667 sicut
1032 631 1198 679 contigit
1237 629 1374 668 beatis.
1429 632 1483 666 Ex
1516 643 1594 679 quo
1627 630 1783 666 videtur

466 690 574 737 quod
608 689 740 725 nullus
775 688 1016 725 christianus
1046 689 1165 725 habet
1198 689 1398 725 morulam
1422 687 1616 724 viacionis
1639 687 1680 724 in
1704 701 1783 736 qua

465 759 547 783 non
580 755 762 794 superest
796 746 950 795 aliquid
968 747 1014 782 de
1038 746 1303 794 possibilitate
1326 745 1564 793 simpliciter
1581 745 1782 782 ulterioris

466 805 608 853 premii
643 814 679 841 et
711 804 766 840 sic
799 804 892 840 licet
924 804 1055 840 omnis
1088 803 1385 853 predestinatus
1418 812 1577 840 tantum
1605 812 1782 840 meretur

466 875 539 910 pro
583 870 667 899 toto
712 871 894 911 tempore
939 863 998 898 sui
1047 862 1178 899 meriti
1225 870 1261 902 et
1306 874 1378 910 pro
1411 861 1519 898 nulla
1552 861 1636 897 eius
1669 871 1840 909 partem

466 928 660 969 quantum
707 929 762 956 est
806 919 998 968 possibile
1042 922 1089 957 de
1134 922 1226 956 data
1259 919 1331 956 Dei
1364 919 1548 968 potencia
1583 919 1781 962 ordinata,

465 988 602 1015 tamen
647 978 855 1027 probabile
899 977 1056 1015 videtur
1106 979 1213 1026 quod
1264 990 1384 1014 nemo
1434 977 1534 1014 citra
1578 977 1781 1013 Christum

465 1044 618 1073 tantum
657 1045 831 1073 meretur
864 1044 1056 1084 quantum
1092 1045 1148 1072 est
1181 1035 1371 1084 possibile
1411 1036 1458 1071 de
1492 1034 1563 1071 Dei
1596 1035 1782 1083 potencia

243 1101 292 1128 No
313 1109 407 1140 man·
466 1095 668 1141 absoluta3
710 1107 799 1130 cum
834 1093 953 1141 igitur
984 1094 1115 1131 viator
1147 1093 1406 1141 progrediens
1440 1093 1478 1128 in
1513 1093 1654 1129 merito
1689 1105 1781 1129 con-

190 1136 440 1198 Zeffigteesgpsliige
467 1152 575 1189 tinue
597 1153 685 1200 plus
709 1161 747 1189 et
779 1152 868 1200 plus
903 1161 1090 1198 meretur,
1116 1151 1210 1200 quia
1237 1151 1424 1187 meritum
1450 1163 1565 1187 suum
1592 1150 1783 1187 continue
1803 1155 1838 1187 15

240 1208 388 1236 lessness.
467 1219 524 1246 est
570 1210 698 1246 maius
739 1219 776 1246 et
823 1209 965 1254 maius,
1017 1209 1111 1246 licet
1164 1209 1269 1245 idem
1316 1208 1533 1245 maximum
1581 1208 1781 1257 premium

468 1277 670 1305 mereatur
703 1267 908 1316 continue,
943 1276 1052 1316 patet
1084 1268 1191 1315 quod
1225 1280 1306 1303 non
1341 1275 1397 1303 est
1431 1268 1525 1303 dare
1558 1266 1598 1302 in
1629 1266 1783 1303 viatore

467 1326 567 1363 citra
601 1334 771 1362 mortem
800 1334 949 1362 statum
984 1324 1318 1376 inpeccabilitatis
1348 1337 1421 1372 pro
1456 1324 1592 1372 aliquo
1617 1323 1782 1361 instanti

467 1384 644 1421 sensibili
668 1384 771 1420 ultra
795 1385 903 1432 quod
935 1396 1016 1420 non
1048 1392 1179 1431 potest
1214 1384 1404 1418 merendo
1438 1382 1648 1430 proficere,
1682 1382 1783 1418 sicut

467 1442 691 1491 imponitur
724 1441 916 1489 Begardis
962 1441 1092 1477 dicere
1137 1450 1173 1477 et
1218 1440 1274 1476 sic
1319 1442 1366 1476 de
1410 1439 1639 1477 intencione
1672 1449 1782 1476 actus
1800 1454 1842 1475 20

468 1499 646 1537 merendi
671 1508 727 1536 est
751 1501 846 1536 dare
870 1498 1184 1535 intensissimum
1209 1511 1281 1546 pos
1300 1494 1302 1550 l
1322 1497 1475 1534 sibilem
1511 1511 1584 1546 pro
1618 1497 1781 1534 instanti
1824 1505 1904 1545 240x

466 1558 650 1606 proximo
695 1566 786 1594 ante
832 1567 1016 1602 mortem,
1071 1557 1228 1605 qualem
1284 1555 1555 1593 intencionem
1603 1556 1783 1593 Christus

467 1616 607 1653 habuit
642 1624 678 1653 et
710 1615 899 1652 continue
932 1614 1058 1652 sancti
1091 1616 1303 1652 evadentes
1333 1613 1611 1662 purgatorium
1637 1614 1785 1650 habent

466 1687 539 1722 pro
575 1675 730 1710 morula
764 1682 858 1710 ante
906 1681 1097 1720 mortem;
1144 1681 1181 1709 et
1226 1672 1282 1709 sic
1325 1672 1539 1720 utrobique
1585 1681 1643 1708 est
1688 1672 1783 1708 dare

469 1731 685 1769 maximum
721 1731 885 1780 gradum
922 1730 1053 1767 meriti
1085 1731 1306 1767 secundum
1341 1730 1542 1778 duplicem
1583 1728 1782 1777 possibili-
1799 1734 1839 1767 25

467 1798 588 1827 tatem
623 1791 850 1827 absolutam
885 1797 922 1825 et
944 1788 1188 1835 ordinatam,
1220 1801 1293 1825 nec
1316 1801 1395 1824 non
1419 1789 1639 1824 secundum
1664 1788 1782 1823 dura-

468 1848 663 1884 bilitatem
689 1857 725 1884 et
753 1847 1036 1885 intensionem.
1072 1846 1407 1894 Quandocumque
1429 1845 1550 1894 igitur
1575 1845 1783 1882 deficimus

469 1920 491 1943 a
523 1907 649 1954 gradu
684 1905 875 1952 caritatis,
910 1918 1028 1953 quem
1063 1905 1103 1940 in
1136 1913 1240 1941 etate
1279 1913 1316 1941 et
1344 1912 1448 1940 statu
1482 1903 1784 1951 proporcionali

469 1963 747 2001 habuissemus
785 1975 857 2012 pro
890 1971 997 1999 statu
1035 1962 1282 2009 innocencie,
1324 1974 1537 2010 peccamus
1576 1962 1783 1998 unomodo

468 2022 529 2059 vel
560 2021 650 2059 alio.
1800 2025 1842 2058 30

223 2097 289 2125 The
309 2097 407 2125 infant
525 2079 670 2116 Tercio
704 2078 883 2127 arguitur
916 2091 985 2127 per
1017 2079 1093 2115 hoc
1126 2079 1235 2126 quod
1274 2077 1407 2114 infans
1440 2077 1479 2113 in
1512 2077 1713 2125 baptismo
1746 2086 1784 2113 et
1821 2082 1831 2113 Ι

180 2133 324 2160 commits
344 2133 442 2160 venia]
468 2146 557 2186 post
599 2145 786 2186 peccaret
824 2137 1011 2174 continue
1045 2146 1081 2173 et
1114 2137 1169 2172 sic
1203 2135 1427 2184 baptismus
1468 2149 1549 2171 non
1583 2135 1784 2172 sufficeret

181 2167 445 2230 Μῖῑόῗιῗτῗθειῖιῖἔὴη
468 2195 702 2244 simpliciter
726 2195 858 2231 delere
891 2203 1100 2243 peccatum
1125 2194 1291 2241 veniale,
1315 2206 1387 2230 nec
1408 2193 1537 2231 infans
1562 2193 1784 2241 baptisatus

186 2238 409 2301 charggteasogn
432 2245 448 2264 a
468 2253 603 2290 statim
627 2253 712 2290 sine
736 2253 980 2301 purgacione
1003 2253 1219 2302 advolaret,
1243 2252 1354 2288 cuius
1373 2251 1604 2300 oppositum
1630 2259 1784 2299 ponunt

227 2309 406 2336 innocence.
470 2313 657 2348 doctores
680 2310 961 2355 communiter,
995 2319 1037 2347 ut
1060 2318 1169 2358 patet
1190 2322 1260 2358 per
1280 2309 1549 2357 Augustinurn
1574 2309 1614 2345 in
1639 2307 1782 2345 Enchi-
1800 2314 1840 2346 35

471 2369 602 2406 ridion
636 2368 812 2417 capitulo
833 2370 974 2414 XLIX3
1008 2368 1072 2404 hic
1105 2368 1252 2404 dicitur
1284 2369 1391 2416 quod
1425 2367 1569 2415 duplex
1602 2375 1659 2403 est
1692 2379 1783 2414 pec—

471 2436 607 2464 catum
670 2426 824 2464 veniale
888 2426 1042 2463 scilicet
1093 2425 1322 2462 omissionis
1375 2434 1413 2461 et
1471 2424 1781 2470 commissionis,

471 2485 664 2534 originale
695 2485 757 2521 vel
789 2485 958 2523 actuale.
992 2486 1325 2532 Quandocumque
1358 2491 1491 2520 autem
1516 2491 1605 2531 post
1626 2482 1783 2531 lapsum

471 2543 599 2580 viator
642 2542 682 2579 in
727 2542 805 2579 alia
837 2551 941 2579 etate
973 2541 1152 2579 obmittit
1184 2541 1397 2578 occasione
1430 2541 1560 2578 carnis
1598 2549 1783 2588 corrupte

471 2602 530 2638 vel
554 2600 799 2638 excitacione
820 2600 1056 2649 temptantis
1080 2601 1249 2647 gradum
1268 2599 1458 2646 caritatis,
1477 2611 1595 2648 quem
1621 2599 1783 2634 deberet
1796 2612 1842 2643 40

472 2660 616 2696 habere
648 2671 722 2707 pro
755 2668 937 2707 tempore
970 2657 1314 2706 proporcionabili
1343 2656 1382 2693 in
1407 2665 1511 2693 statu
1535 2655 1782 2703 innocencie,

543 2843 594 2877 35.
618 2844 667 2874 St.
696 2843 877 2883 Augustini
906 2843 997 2884 Opp.
1024 2848 1106 2874 tom.
1126 2842 1182 2883 Vl,
1210 2852 1286 2884 pag.
1317 2841 1391 2874 215.
