2050 3292
288 731 467 758 Obiection.

254 766 375 793 Manna]
398 766 507 793 labour

292 801 460 835 interrupts

251 836 505 870 contemplation,

261 874 311 905 yet
332 871 402 897 Paul
424 879 488 897 was

269 913 284 931 a
306 906 486 932 tentmalter.

236 1413 302 1451 The
315 1414 509 1449 assumption

235 1456 262 1475 is
283 1448 378 1483 salse;
401 1451 510 1477 labour

343 1485 403 1512 and

249 1518 491 1554 contemplation

236 1563 287 1581 are
309 1555 508 1591 compatible.

948 272 1007 302 nh·
1037 270 1172 303 cnam
1200 270 1412 302 DOMINIO.
1626 255 1733 312 [CAP.
1759 267 1838 295 mx.

528 378 568 414 in
602 377 890 426 temporalibus
937 377 1128 413 habentes
1172 377 1353 413 velamen
1399 375 1556 412 malicie
1601 375 1841 426 libertatem,

528 438 596 472 sed
629 448 669 472 se
703 444 982 472 contentantes
1017 436 1063 471 de
1096 435 1174 471 vite
1207 434 1454 484 necessariis,
1487 433 1696 482 supposito
1735 434 1842 470 cultu

528 507 597 530 suo
651 494 840 530 continuo
885 505 1034 540 ponere
1079 505 1188 540 spem
1242 492 1283 528 in
1332 493 1432 540 ipso.
1486 492 1537 527 Et
1581 500 1691 539 patet
1736 493 1842 539 quod

528 560 721 600 repugnat
765 551 985 588 formaliter
1036 559 1118 587 tam
1163 550 1406 587 laudabilem
1453 548 1842 597 contemplacionem

529 609 724 645 extensive
770 618 806 645 et
837 608 1031 645 intensive
1064 621 1147 645 esse
1177 608 1216 644 in
1250 608 1418 645 civiliter
1456 607 1687 645 dominante
1720 609 1875 655 quam-⁵>

528 667 741 703 laudabilis
775 676 833 703 est
866 667 997 702 debita
1030 666 1241 703 sacerdoti.

585 724 809 761 Vicessimo
842 724 968 760 tercio
1001 724 1057 760 sic
1091 723 1290 771 arguitur:
1339 724 1545 760 Manuales
1579 723 1842 770 operaciones

528 791 564 819 et
594 783 785 819 laboricia
810 781 1044 818 mechanica
1077 790 1233 818 tantum
1269 782 1476 817 retrahunt
1498 794 1519 817 a
1540 782 1621 817 vita
1636 788 1842 828 contemp—

527 840 660 890 lativa,
695 853 717 876 a
749 840 882 876 studio
916 840 1079 876 salutari
1113 848 1150 876 et
1183 839 1465 887 predicacione
1497 839 1606 875 verbi
1652 838 1724 874 Dei
1769 851 1841 886 pro

527 907 621 935 tunc
667 907 861 946 quantum
901 911 973 946 pro
1020 899 1160 934 eodem
1206 906 1389 945 tempore
1434 897 1547 934 civile
1595 896 1900 943 dominium31o

527 958 594 992 Sed
628 965 705 993 stat
744 957 940 1004 perfectos
973 955 1122 993 Christi
1168 955 1387 1004 discipulos
1420 955 1476 991 uti
1520 955 1589 991 tali
1634 954 1839 1001 laboricio,

525 1022 566 1050 ut
598 1023 707 1062 patet
741 1016 788 1051 de
823 1015 945 1051 Paulo
980 1014 1046 1062 qui
1081 1013 1254 1050 exercuit
1286 1022 1414 1050 artem
1448 1012 1621 1050 faciendi
1655 1013 1840 1049 taberna-

528 1073 616 1108 cula
650 1075 708 1118 (ut
741 1072 837 1109 dicit
860 1073 1051 1120 Origenes
1084 1084 1202 1120 super
1236 1071 1405 1120 epistola
1439 1073 1489 1108 ad
1511 1073 1714 1108 Romanos
1737 1070 1840 1107 libro

526 1131 611 1175 XI);
646 1143 740 1178 ergo
764 1139 841 1167 stat
875 1143 973 1178 pure
1008 1130 1173 1166 clericos
1207 1129 1376 1166 civiliter
1400 1128 1619 1176 dominari3
1655 1129 1711 1165 sic
1734 1128 1840 1164 enim

526 1189 673 1224 Paulus
706 1188 779 1225 fuit
823 1188 1003 1225 solicitus
1044 1188 1150 1225 circa
1195 1189 1384 1236 pecunias
1430 1188 1647 1224 mittendas
1693 1185 1897 1223 sanctis15

525 1247 757 1283 Jerusalem.
813 1249 859 1282 Et
903 1246 943 1282 in
988 1246 1124 1295 regula
1171 1246 1338 1283 fratrum
1373 1247 1569 1282 Minorum
1618 1244 1841 1293 precipitur

528 1304 719 1341 ministris
752 1314 794 1341 ut
827 1304 1026 1341 solicitam
1062 1317 1197 1340 curam
1229 1313 1368 1352 gerant
1401 1306 1450 1340 de
1474 1303 1721 1340 indumentis
1746 1303 1840 1339 frat-

527 1375 615 1398 rum
652 1371 687 1399 et
722 1364 769 1399 de
803 1363 1108 1399 necessitatibus
1141 1362 1409 1400 infirmorum.

584 1421 655 1456 Hic
678 1421 823 1457 dicitur
841 1425 896 1467 (ut
913 1433 1005 1468 sepe
1028 1421 1222 1468 superius)
1247 1422 1353 1468 quod
1382 1420 1526 1457 falsum
1552 1432 1592 1456 as
1622 1416 1626 1471 Ι
1655 1419 1838 1465 sumitur,
1884 1419 1945 1461 154

525 1490 612 1514 cum
638 1479 882 1525 Augustinus
914 1491 1006 1515 vere
1040 1478 1133 1514 dicit
1166 1478 1206 1513 in
1239 1479 1298 1514 De
1323 1479 1522 1526 Operibus
1546 1478 1837 1514 Monachorum
1858 1487 1898 1508 20

526 1537 700 1584 capitulo
715 1538 765 1574 V:
812 1537 969 1572 Cantica
1011 1537 1141 1572 divina
1175 1545 1331 1572 cantare
1364 1545 1398 1572 et
1431 1536 1604 1572 manibus
1637 1543 1840 1585 operantes

515 1594 641 1642 facile
668 1602 830 1644 possunt
863 1602 896 1630 et
929 1595 1053 1643 ipsum
1100 1595 1271 1630 laborem
1317 1602 1497 1642 tanquam
1546 1594 1671 1630 divino
1717 1594 1839 1629 celeu-

527 1660 627 1688 mate
672 1653 890 1697 consolari;
934 1662 970 1690 et
1014 1654 1159 1701 probat
1202 1652 1341 1690 diffuse
1373 1652 1631 1689 insufficienti
1667 1664 1688 1688 a
1721 1651 1838 1688 simili

526 1722 596 1757 per
629 1710 899 1759 experiencias
933 1711 1027 1748 satis
1062 1719 1202 1747 certaS.
1237 1710 1362 1747 Aliter
1396 1710 1500 1746 enim
1526 1710 1724 1747 Dominus
1757 1723 1838 1746 non

525 1769 769 1817 precepisset
801 1771 1018 1808 Deuteron.
1040 1770 1104 1815 VI,
1140 1780 1181 1818 7:
1215 1769 1469 1805 Affeditaberis
1502 1769 1619 1805 verba
1653 1768 1750 1818 legis
1781 1768 1893 1804 δεῖ-25

526 1827 617 1863 dens
645 1828 681 1862 in
715 1828 828 1863 domo
862 1834 926 1862 tua
956 1836 990 1864 et
1023 1827 1226 1863 ambulans
1258 1828 1293 1863 in
1317 1827 1464 1870 itinere,
1499 1827 1695 1864 dormiens
1727 1834 1838 1875 atque

524 1896 777 1935 consurgens.
814 1886 912 1921 Cum
950 1885 1053 1922 enim
1089 1886 1218 1921 Adam
1252 1884 1325 1921 fuit
1356 1885 1504 1933 positus
1538 1898 1609 1933 pro
1643 1893 1746 1921 statu
1779 1884 1836 1920 in-

524 1943 715 1979 nocencie
748 1943 787 1979 in
809 1943 1010 1991 paradiso,
1045 1953 1087 1980 ut
1119 1951 1354 1991 operaretur
1387 1954 1424 1979 et
1458 1943 1677 1980 custodiret
1709 1942 1835 1986 illurn,

524 1999 563 2036 in
587 2014 666 2048 quo
700 2010 806 2038 statu
839 2014 920 2038 non
955 2001 1069 2038 licuit
1101 2002 1172 2038 sibi
1197 2014 1218 2037 a
1244 2001 1510 2038 meditacione
1536 2001 1610 2037 Dei
1644 2002 1834 2047 excidere,

523 2058 625 2094 sicut
657 2071 730 2096 nec
765 2058 930 2096 civiliter
964 2060 1175 2105 dominari,
1209 2068 1318 2107 patet
1352 2060 1461 2107 quod
1493 2061 1532 2095 in
1567 2059 1741 2096 manuali
1780 2060 1835 2095 la·
1851 2064 1895 2096 30

523 2116 676 2153 boricio
711 2127 766 2154 est
801 2117 931 2153 minor
965 2118 1176 2154 distraccio
1210 2130 1231 2153 a
1265 2119 1612 2165 contemplacione
1645 2130 1765 2166 quam
1796 2116 1836 2153 in

524 2175 623 2210 civili
667 2175 861 2212 dominio.
916 2176 1013 2220 Quis
1058 2177 1226 2221 dubitat,
1273 2175 1368 2224 quin
1416 2177 1503 2223 plus
1549 2175 1733 2212 distrahit
1778 2175 1836 2210 in-

523 2232 711 2269 teriorem
736 2233 941 2270 hominem
967 2234 1105 2270 audire
1127 2235 1187 2270 vel
1211 2235 1376 2270 reddere
1407 2233 1562 2270 civilem
1588 2241 1835 2282 computum,

524 2290 800 2328 coniecturare
846 2293 975 2328 media
1009 2293 1059 2328 ad
1092 2292 1257 2329 civiliter
1302 2292 1589 2329 dominandum
1624 2293 1683 2328 vel
1728 2299 1836 2327 actus

524 2348 639 2384 huius
663 2349 833 2386 dominii
867 2352 1145 2395 exercendum,
1180 2363 1301 2398 quam
1337 2350 1599 2397 corporaliter
1627 2345 1892 2386 laborm-&35

524 2407 693 2454 Oportet
737 2408 854 2456 igitur
899 2410 1104 2444 attendere
1144 2409 1301 2444 labores
1334 2409 1530 2444 interioris
1565 2408 1735 2444 hominis
1769 2409 1836 2456 qui

524 2464 750 2501 distrahunt
783 2466 1028 2502 intellectum
1065 2475 1102 2502 et
1136 2466 1321 2502 affectum
1354 2479 1374 2502 a
1399 2467 1502 2502 cultu
1536 2465 1671 2503 divino
1706 2465 1834 2502 cuius-

1947 1418 1960 1435 b

594 2643 612 2661 1.
634 2635 770 2662 velamen
793 2635 886 2662 deest.
922 2636 968 2663 Cf.
1003 2636 1013 2662 1
1034 2636 1112 2662 Petri
1141 2636 1177 2662 V.
1214 2636 1253 2663 io.
1364 2645 1388 2663 2.
1412 2636 1507 2664 Cod.:
1541 2646 1573 2663 se
1606 2637 1832 2663 contendentes.

521 2667 546 2694 8.
568 2671 649 2701 tam,·
669 2670 753 2696 cod.:
775 2673 888 2697 tamen.
964 2669 1000 2702 13,
1024 2679 1064 2703 14.
1086 2671 1166 2697 libro
1187 2670 1230 2697 XI
1249 2671 1313 2705 (sic)
1324 2681 1332 2703 ‚·
1353 2671 1428 2698 liber
1448 2671 1487 2698 XI
1504 2679 1563 2698 non
1587 2676 1675 2698 extat.
1698 2671 1746 2699 Cf.
1768 2672 1836 2698 Ori-

523 2710 615 2737 genes
632 2704 715 2739 Opp.
731 2704 779 2731 ed.
796 2705 863 2732 Bas.
880 2703 946 2732 1536
961 2705 998 2732 11.
1088 2704 1133 2739 39.
1150 2704 1244 2733 Cod.:
1267 2708 1431 2741 generant.
1524 2713 1565 2737 22,
1588 2705 1632 2732 23.
1654 2706 1817 2733 celeumate
1826 2717 1836 2739 ,-

521 2739 749 2782 Κελεύματεζέ
839 2738 881 2766 33.
906 2738 999 2767 Cod.:
1023 2740 1121 2767 civile.

596 2831 646 2852 20.
675 2822 767 2863 Opp.
787 2828 871 2853 tom.
892 2821 948 2866 VI,
968 2833 1047 2866 479.
1074 2822 1111 2855 In
1129 2834 1201 2865 cap.
1222 2834 1326 2864 supra
1355 2830 1548 2855 memorato
1564 2823 1618 2855 hic
1644 2824 1740 2855 locus
1767 2834 1833 2855 non

524 2874 623 2898 extat.
650 2868 789 2899 Rectius
817 2879 891 2910 cap.
917 2867 942 2900 I.
