2050 3292
238 206 326 235 CAP.
349 195 463 251 xxii]
701 206 837 239 LIBER
865 203 1076 237 TERTIUS.

171 314 199 345 Χ
240 314 465 351 distrahunt
496 321 534 349 et
567 312 826 349 confundunt.
861 312 1045 348 Secundo
1079 309 1311 347 huiusmodi
1343 321 1424 346 non
1458 321 1541 344 mo—

239 373 389 408 nachos
433 371 490 407 1111
535 378 778 418 congregant
816 371 884 405 sed
918 380 1177 417 quoscunque
1209 369 1259 404 ob
1293 367 1451 414 culpam
1484 366 1543 402 in-

240 428 470 466 obediencie
503 440 653 464 errasse
685 426 907 464 invenerint
940 435 1007 463 aut
1040 427 1087 462 de
1119 425 1199 463 suis
1223 424 1474 462 sathalitibus
1504 424 1543 459 in

241 487 412 536 peccatis
431 485 626 523 consociis
651 498 831 521 rasuram
850 483 1130 520 monachicam
1146 491 1377 532 procurant.
1399 481 1543 519 Tercio

208 550 380 582 §uxores
412 557 503 580 suas
535 556 581 580 ac
603 543 773 579 famulas
796 542 1075 578 claustralibus
1099 541 1350 578 commisceri
1374 538 1544 577 necessi-

240 611 341 649 tant3
387 603 455 638 sed
488 610 524 637 et
558 600 729 637 ministri
762 599 865 648 regis
897 599 1002 636 idem
1037 608 1279 647 attemptarit
1316 598 1357 635 in
1388 605 1544 635 tantum

241 662 347 709 quod
393 661 440 696 de
483 658 594 695 laicis
639 658 766 695 effecti
812 659 975 694 abbates
1006 658 1067 694 vel
1111 656 1304 705 prepositi
1345 654 1546 704 religionis

241 717 369 766 ignari
401 730 485 754 sese
518 716 722 752 ministros
755 715 857 763 regis
889 728 935 752 ac
958 715 1130 751 famulos
1153 715 1369 763 appellant.
1395 716 1547 759 Quarto

240 785 320 813 tam
367 774 543 823 episcopi
587 787 706 822 quam
754 773 984 810 claustrales
1028 781 1139 809 tanta
1183 771 1418 820 philargiria
1457 779 1548 807 sunt

192 832 349 881 iocapti
381 842 424 869 ut
456 832 668 880 utrobique
701 844 762 867 res
795 831 958 867 ecclesie
991 830 1069 867 sint
1100 831 1271 870 venales.
1325 830 1401 867 Ubi
1440 828 1546 866 enim

242 891 422 928 Christus
455 890 550 926 dicit
592 890 665 926 nisi
700 889 782 938 quis
814 889 1098 925 renunciaverit
1136 889 1308 924 omnihus
1352 900 1421 936 que
1457 899 1546 935 pos-

242 949 352 997 sidet,
375 960 447 984 non
466 955 592 997 potest
615 960 720 983 meus
742 959 822 983 esse
845 947 1067 995 discipulus,
1101 945 1271 982 tradicio
1295 946 1547 994 quorundam

244 1015 314 1050 est,
366 1005 433 1054 qui
477 1018 517 1042 se
561 1018 645 1042 esse
678 1004 749 1041 Dei
781 1005 952 1041 famulos
992 1004 1241 1052 profitentur,
1293 1016 1374 1040 non
1420 1003 1548 1039 solum

244 1076 425 1112 possessa
468 1076 549 1099 non
594 1064 778 1109 vendere,
823 1075 959 1099 verum
1013 1061 1138 1098 eciam
1192 1073 1427 1109 comparare
1471 1072 1551 1096 non

193 1122 393 1159 15habita.
440 1123 528 1167 Qua
560 1120 682 1169 igitur
720 1121 849 1157 fronte
882 1121 1001 1156 audet
1024 1119 1235 1168 quisquam
1266 1120 1316 1156 ad
1339 1117 1551 1155 servicium

245 1179 408 1216 Domini
453 1191 684 1216 accessurus
729 1179 788 1215 vel
820 1191 884 1215 eas
917 1178 1140 1226 voluptates
1174 1190 1272 1226 quas
1305 1176 1347 1213 in
1380 1174 1547 1213 seculari

247 1238 384 1274 habitu
428 1237 626 1274 obtineret
669 1236 894 1283 admittere,
941 1236 1067 1272 multo
1114 1235 1241 1283 magis
1285 1234 1403 1282 igitur
1437 1235 1553 1270 debet

131 1298 208 1343 196¹³
245 1295 441 1332 lauciores
473 1306 671 1343 respuere,
706 1302 869 1343 propter
900 1293 968 1330 illa
996 1291 1000 1345 Ι
1031 1294 1136 1330 mala
1168 1293 1430 1339 removenda;
1463 1293 1554 1328 hor-

245 1362 353 1390 tatur
386 1353 450 1389 ille
482 1362 642 1389 sanctus
675 1351 1022 1400 archiepiscopum
1068 1352 1374 1388 fundamentum
1409 1348 1554 1387 erroris

191 1425 233 1447 20
248 1411 475 1457 dissolvere,
509 1410 782 1458 cuiuscunque
814 1411 963 1458 gradus
995 1410 1055 1446 vel
1087 1409 1238 1445 ordinis
1270 1408 1343 1445 viri
1375 1408 1555 1445 nitantur

247 1469 351 1506 istud
382 1468 632 1517 propositum
665 1468 872 1516 impedire.
927 1468 1026 1511 Scio,
1059 1466 1201 1516 inquit,
1235 1467 1438 1503 nonnullos
1469 1465 1556 1502 huic

247 1535 376 1564 nostre
419 1526 663 1563 exortacioni
715 1525 1026 1562 contradicturos
1069 1532 1104 1561 et
1150 1525 1321 1562 maxime
1364 1524 1452 1560 illos
1494 1522 1559 1571 qui

248 1585 324 1621 illis
346 1585 596 1633 facinoribus
627 1597 648 1619 a
682 1584 814 1632 quibus
846 1591 881 1619 te
908 1584 1159 1633 prohibemus
1180 1583 1234 1619 sic
1255 1583 1425 1619 senciunt
1457 1582 1556 1617 irre-

246 1644 334 1679 titos
363 1643 431 1679 sed
461 1642 676 1679 meminisse
713 1649 748 1678 te
781 1643 889 1678 docet
920 1641 1127 1690 apostolice
1160 1640 1430 1690 responsionis,
1467 1639 1555 1688 quia

193 1705 230 1737 25
250 1701 405 1737 obedire
427 1708 577 1750 oportet
600 1701 682 1736 Deo
706 1712 833 1749 magis
854 1712 967 1749 quam
992 1699 1217 1735 hominibus.
1247 1700 1331 1735 Hec
1353 1696 1558 1734 sentencia

249 1758 323 1795 erit
355 1759 471 1806 longe
503 1758 657 1806 plurior
690 1766 808 1806 atque
832 1757 1017 1803 fertilior3
1052 1765 1161 1805 patet
1182 1756 1222 1792 in
1246 1756 1352 1793 dicta
1374 1755 1556 1804 epistola.

249 1819 303 1853 Ex
336 1816 479 1864 quibus
507 1816 663 1853 videtur
686 1817 794 1864 quod
817 1828 898 1852 non
921 1823 1081 1863 oportet
1104 1814 1289 1851 dominos
1313 1814 1557 1862 temporales

249 1883 286 1911 et
317 1887 410 1910 suos
443 1873 652 1922 episcopos
687 1882 894 1921 expectare
927 1875 1130 1910 decretum
1165 1885 1267 1920 pape
1300 1872 1346 1909 de
1378 1871 1458 1908 suis
1482 1871 1557 1907 ele-

251 1931 436 1979 mosinis;
458 1945 594 1979 ymmo
616 1944 698 1968 non
713 1939 871 1979 oportet
894 1939 1059 1979 propter
1082 1930 1164 1967 eius
1189 1929 1556 1966 contradiccionem

194 1996 286 2027 3oet
318 1989 777 2026 excommunicacionem
823 1989 1120 2026 correccionem
1166 1988 1309 2025 iustam
1356 1987 1555 2031 omittere,

249 2060 322 2084 nec
366 2056 525 2095 oportet
568 2048 673 2095 leges
718 2056 785 2083 aut
828 2055 921 2083 vota
964 2046 1046 2083 visa
1092 2046 1294 2083 contraria
1326 2044 1556 2089 formidare,

250 2105 343 2154 quia
386 2118 525 2142 omnes
569 2106 674 2153 leges
718 2105 960 2153 temporales
1005 2104 1123 2140 simul
1170 2103 1398 2151 intelligunt
1449 2102 1558 2150 quod

251 2176 387 2200 earum
421 2162 551 2211 praxis
583 2176 663 2199 non
696 2162 970 2199 contraveniat
991 2162 1067 2210 legi
1091 2162 1175 2198 Dei.
1210 2163 1324 2198 Unde
1346 2169 1557 2209 postquam

252 2229 483 2269 preceptum
517 2230 573 2258 est
606 2221 645 2257 in
679 2233 801 2268 regno
825 2229 962 2257 nostro
986 2219 1194 2268 religiosos
1227 2219 1267 2255 in
1289 2217 1559 2267 acquisicione

196 2279 533 2327 35temporalium
577 2277 809 2327 supergredi
853 2277 1204 2327 proporcionalem
1250 2285 1286 2313 et
1324 2288 1558 2324 prosperum

251 2345 398 2373 statum
444 2336 568 2385 regni,
614 2337 852 2373 ordinarunt
897 2336 1119 2384 evangelice
1151 2335 1212 2372 vel
1256 2334 1394 2382 pocius
1433 2334 1558 2380 legem

200 2412 202 2415 ’
252 2394 520 2442 evangelicam
546 2396 594 2431 ab
618 2394 743 2431 oculis
767 2406 905 2430 eorum
931 2393 1207 2430 absconditam
1237 2392 1560 2440 promulgarunt,

253 2452 359 2500 quod
391 2465 471 2488 non
503 2452 801 2500 permitteretur
834 2452 1012 2488 redditus
1046 2450 1199 2488 devolvi
1232 2450 1273 2486 in
1307 2461 1447 2486 manus
1472 2448 1562 2484 reli-

252 2510 454 2557 giosorum
499 2510 573 2546 nisi
618 2510 726 2558 prius
772 2510 982 2558 diligenter
1024 2517 1164 2545 notato
1197 2509 1305 2556 quod
1340 2508 1560 2554 dampnum

141 2569 215 2613 196ρ
254 2569 410 2604 cederet
436 2564 441 2619 Ι
471 2567 552 2616 regi
597 2576 633 2604 et
667 2580 788 2616 regno
822 2580 865 2604 ex
897 2566 1089 2605 reditibus
1122 2566 1178 2603 sic
1211 2564 1475 2611 mortificatis,
1519 2572 1563 2600 ut

322 2665 346 2693 3.
369 2666 463 2694 Cod.:
485 2666 645 2694 invenerit.
737 2675 777 2693 10.
798 2666 893 2694 Cod.:
913 2669 994 2694 sunt.
1093 2665 1130 2692 15.
1154 2665 1234 2700 Qua.
1262 2663 1359 2692 Cod.:
1386 2664 1470 2699 quia.
1506 2662 1564 2690 Hic

253 2702 340 2728 locus
360 2705 525 2736 corruptus
545 2709 612 2728 esse
635 2700 765 2728 videtur.
839 2702 881 2729 16.
902 2709 989 2736 quas.
1011 2700 1107 2728 Cod.:
1130 2707 1198 2735 que.

329 2772 376 2792 11.
405 2762 519 2793 Lucae
537 2762 625 2801 XIV,
648 2760 698 2792 33.
796 2761 849 2794 38.
877 2761 929 2796 Cf,
956 2762 1126 2792 Statutum
1155 2760 1197 2791 de
1223 2759 1308 2790 viris
1334 2758 1505 2800 religiosis
1531 2758 1563 2789 in

255 2808 392 2847 stubbs,
419 2808 531 2839 Select
557 2807 716 2839 Charters
743 2818 775 2849 p.
801 2807 881 2848 458.

1357 2860 1425 2894 31*

1746 194 1826 243 483

1578 720 1711 748 Avarice
1732 720 1767 747 of
1783 719 1834 746 the

1643 757 1757 791 clergy.

1634 2340 1662 2366 A
1684 2342 1796 2378 statute

1622 2378 1808 2408 restrainlng

1610 2408 1810 2436 endowment

1577 2444 1631 2471 has
1660 2443 1733 2470 been
1753 2442 1848 2470 found

1606 2485 1769 2513 necessary
1789 2477 1820 2504 in

1639 2512 1791 2547 England.
