2050 3292
255 246 336 294 384

330 1005 386 1032 Yet
406 1014 443 1033 au

251 1041 421 1067 unlearned
446 1042 526 1068 ruler

286 1084 356 1111 may
378 1076 454 1102 have
476 1084 490 1102 a

252 1111 348 1138 better
363 1111 425 1137 and
440 1119 525 1138 more

318 1146 455 1172 effective

271 1181 456 1215 knowledge
477 1181 512 1207 of

260 1216 421 1249 Scripture
441 1216 513 1242 than

288 1259 303 1278 a
325 1252 434 1278 doctor
455 1251 489 1277 ol*

317 1287 456 1322 divinity.

299 1634 478 1669 Objection:

326 1670 455 1699 Clerical

303 1707 439 1740 celibacy
460 1705 484 1732 is

257 1741 386 1768 ordered
401 1741 474 1776 only
488 1740 525 1779 by

272 1783 370 1802 canon
392 1776 466 1808 law;
488 1776 509 1803 it

303 1810 402 1838 God's
423 1811 481 1837 law

267 1845 374 1873 allows
396 1846 508 1880 priests

284 1885 314 1907 to
336 1888 451 1914 marry,
471 1881 493 1907 it

290 1920 373 1942 must
393 1917 482 1943 allow

351 1951 433 1978 them

291 1986 487 2021 possession<

280 2026 310 2048 to
332 2021 406 2054 keep
428 2020 504 2047 their

332 2055 448 2090 family.

969 252 1029 285 DE
1057 254 1195 286 C1v1L1
1222 254 1434 287 DOMINIO.
1648 242 1755 300 [CAP.
1780 253 1859 282 mx.

544 358 759 410 copiosius,
793 367 834 395 ut
868 368 1073 396 ostensum
1100 372 1142 396 ex
1158 362 1224 397 VII
1249 369 1285 398 et
1307 362 1339 397 X
1363 361 1548 410 capitulis
1577 362 1693 399 huius
1717 362 1859 412 quinti.

544 419 633 454 Non
677 417 782 454 enim
829 426 908 454 stat
955 417 1110 455 civilem
1146 420 1353 455 dominum
1388 428 1470 456 tam
1504 420 1677 468 perfecte
1711 422 1860 458 habere

543 484 623 512 tres
667 475 833 512 virtutes
866 475 1130 524 theologicas,
1177 477 1279 514 sicut
1324 477 1491 525 quilibet
1532 478 1705 515 clericus
1746 480 1862 515 debet

543 534 689 570 habere
723 545 766 570 ex
799 546 871 570 suo
904 533 1059 581 officio;
1093 534 1147 571 sic
1172 534 1292 582 igitur
1315 543 1357 572 ut
1380 535 1513 572 clerici
1538 548 1675 572 sumus
1699 536 1859 574 Christo

542 592 631 639 plus
665 590 886 637 assimilati,
922 592 1011 639 plus
1044 605 1066 629 a
1098 592 1278 641 periculo
1311 592 1433 630 seculi
1467 594 1656 642 elongati,
1699 595 1787 643 plus
1820 594 1892 632 in5

543 662 682 686 amore
715 649 865 686 Christi
898 651 1086 699 pauperis
1132 651 1379 699 profundati,
1414 660 1451 688 et
1494 664 1564 700 per
1610 664 1859 702 consequens

543 708 630 756 plus
660 709 710 745 ad
741 707 1082 756 interpellandum
1119 710 1201 746 eius
1235 709 1459 747 subsidium
1492 710 1683 759 securati3
1718 710 1859 760 quinto

542 767 631 814 plus
665 768 714 803 ad
748 767 888 804 crebro
933 767 1204 804 invocandum
1245 780 1335 805 eum
1380 768 1617 819 necessitati,
1661 778 1769 806 sexto
1810 771 1860 806 ad

543 824 849 873 despiciendum
904 825 1109 862 terrestria
1156 835 1193 862 et
1238 828 1508 875 appetendum
1566 827 1727 864 celestia
1771 828 1859 876 plus

542 882 755 928 habilitati,
790 892 832 919 ut
866 883 1039 921 breviter
1071 883 1228 921 dicatur
1259 884 1300 920 in
1334 884 1520 921 omnibus
1553 885 1766 922 virtutibus
1798 885 1859 922 vie
1881 899 1918 920 10

541 940 776 978 necessariis
810 942 860 978 ad
895 941 1185 979 beatitudinem
1220 942 1308 991 plus
1342 942 1470 982 ditati.

600 999 686 1035 Istis
719 1008 856 1036 tamen
888 1014 969 1038 non
1002 1000 1254 1037 obstantibus
1284 998 1288 1052 Ι
1318 1010 1395 1038 stat
1430 1002 1574 1038 multos
1620 1001 1754 1038 civiles
1788 1003 1857 1037 do-
1903 1004 1980 1037 155⁵

543 1057 671 1094 minos
703 1057 787 1094 sore
821 1058 977 1096 clericis
1010 1058 1228 1109 beaciores,
1274 1060 1334 1096 vel
1373 1058 1468 1108 quia
1502 1059 1542 1095 in
1589 1059 1666 1096 fine
1712 1072 1857 1096 renun-

542 1114 692 1152 ciantes
731 1116 866 1153 seculo
900 1117 988 1164 plus
1022 1116 1191 1165 diligunt
1224 1118 1284 1153 vel
1318 1117 1411 1166 quia
1446 1117 1579 1154 clerici
1626 1117 1857 1154 deficientes

541 1186 562 1210 a
596 1173 789 1222 dignitate
834 1175 1008 1212 clericali
1057 1176 1337 1223 degenerando
1383 1188 1423 1213 se
1456 1176 1564 1224 ipsos
1609 1175 1914 1224 inferiorant‚15

541 1240 582 1268 ut
605 1240 682 1269 stat
714 1233 871 1280 laycum
906 1234 965 1270 vel
1000 1233 1236 1282 magistrum
1272 1235 1424 1270 nudum
1449 1234 1488 1270 in
1522 1233 1674 1270 artibus
1708 1234 1856 1280 sanius,

542 1290 728 1328 subtilius
768 1300 805 1327 et
839 1291 1041 1329 efficacius
1085 1303 1226 1340 sapere
1270 1292 1510 1341 scripturam
1558 1305 1716 1329 sacram
1763 1292 1856 1329 dato

543 1350 708 1385 doctore
752 1349 929 1387 eiusdem
977 1349 1186 1398 scripture,
1233 1350 1310 1387 hoc
1343 1359 1476 1387 tamen
1519 1363 1601 1386 non
1635 1350 1765 1387 evenit
1798 1363 1858 1387 se-·

543 1407 717 1443 cundum
751 1408 956 1444 racionem
997 1416 1136 1445 contra
1168 1408 1279 1454 tales,
1327 1408 1421 1456 quia
1452 1408 1512 1445 vel
1545 1416 1705 1456 oportet
1749 1411 1858 1457 quod

543 1465 683 1501 doctor
715 1465 849 1502 deficit
895 1465 934 1502 in
968 1465 1044 1503 hiis
1077 1478 1154 1515 que
1199 1474 1381 1514 spectant
1414 1467 1463 1503 ad
1508 1468 1676 1514 gradum
1725 1479 1856 1511 suum,
1875 1480 1916 1501 20

543 1523 602 1559 vel
637 1524 746 1572 quod
780 1524 894 1560 alteri
928 1525 1100 1561 donetur
1132 1524 1492 1573 supernaturaliter
1527 1525 1630 1561 ultra
1655 1524 1856 1573 pertinen-

543 1581 645 1617 ciam
679 1581 865 1628 racionis,
901 1595 979 1631 qua
1013 1591 1069 1620 est
1102 1582 1343 1621 huiusmodi.

598 1639 799 1676 Vicesimo
846 1649 992 1689 quarto
1044 1640 1099 1677 sic
1144 1640 1341 1689 arguitur:
1395 1640 1589 1678 Motivum
1636 1639 1857 1688 principale
1897 1644 1922 1675 F

542 1710 666 1746 quare
698 1697 881 1735 illicitum
916 1708 972 1736 est
1006 1698 1160 1736 clericis
1205 1698 1371 1736 civiliter
1405 1697 1605 1735 dominari
1639 1698 1718 1736 sive
1764 1711 1857 1735 con-

542 1756 706 1793 tendere
752 1765 809 1793 est
857 1756 950 1806 quia
996 1770 1077 1794 non
1122 1757 1214 1794 licet
1249 1757 1302 1794 eis
1348 1758 1568 1794 secundum
1616 1757 1854 1805 Apostolum
1876 1759 1914 1791 25

543 1813 752 1863 implicare
775 1827 816 1851 se
839 1815 1017 1864 negociis
1050 1815 1310 1861 secularibus,
1344 1827 1393 1852 ne
1416 1815 1674 1852 retrahantur
1696 1827 1718 1851 a
1740 1814 1856 1863 spiri-

543 1872 735 1919 tualibus;
771 1886 861 1910 cum
886 1873 1006 1922 igitur
1028 1883 1140 1911 actus
1164 1874 1344 1911 carnales
1379 1872 1699 1910 matrimoniales
1732 1872 1858 1920 magis

543 1929 771 1967 distrahunt
810 1944 832 1968 a
877 1931 1075 1980 spirituali
1120 1931 1357 1977 ministerio,
1403 1931 1585 1980 sequitur
1631 1931 1739 1981 quod
1784 1930 1859 1967 illi-

545 1988 667 2025 citum
714 1989 816 2025 foret
863 1989 1018 2027 clericis
1064 1989 1280 2028 carnaliter
1325 1989 1554 2038 coniugari;
1601 2001 1858 2038 ⁴consequens

545 2055 686 2083 contra
718 2049 956 2095 Apostolum
992 2057 1028 2084 et
1063 2047 1394 2085 consuetudinem
1429 2048 1695 2096 approbatam
1729 2046 1858 2083 orien-
1877 2051 1918 2082 30

544 2104 634 2141 talis
679 2105 858 2152 ecclesie,
904 2119 1041 2154 ymmo
1086 2106 1305 2155 aliquando
1351 2106 1424 2143 fuit
1471 2104 1625 2142 licitum
1671 2104 1859 2142 omnibus

545 2162 708 2210 prelatis
742 2172 926 2212 exempto
960 2177 1119 2201 summo
1144 2164 1333 2213 pontifice
1369 2163 1628 2201 matrimonio
1663 2162 1858 2212 copulari.

545 2222 659 2257 Unde
691 2234 772 2258 non
805 2230 862 2259 est
895 2234 939 2258 ex
970 2221 1056 2259 iure
1090 2222 1226 2259 divino
1275 2224 1344 2259 sed
1390 2222 1476 2258 iure
1521 2221 1717 2258 canonico
1751 2221 1859 2270 quod

545 2278 712 2316 clericus
757 2279 1019 2317 occidentalis
1066 2281 1229 2318 ecclesie
1268 2292 1348 2317 non
1380 2280 1505 2317 utitur
1538 2279 1690 2317 carnali
1725 2277 1858 2316 matri-

545 2336 697 2373 monio.
733 2338 1007 2375 Confirmatur
1029 2350 1073 2375 ex
1096 2352 1176 2388 quo
1209 2347 1287 2375 stat
1321 2351 1410 2375 cum
1445 2338 1529 2386 lege
1569 2336 1716 2373 Christi
1750 2336 1858 2385 quod
1877 2339 1916 2372 35

546 2394 711 2431 clericus
745 2396 891 2433 habeat
923 2408 1085 2433 uxorem
1121 2405 1159 2433 et
1190 2397 1359 2446 prolem,
1407 2395 1587 2444 sequitur
1626 2395 1734 2443 quod
1768 2406 1857 2431 cum

546 2454 684 2489 eadem
709 2452 792 2501 lege
825 2462 904 2491 stat
936 2467 1056 2491 omne
1080 2456 1185 2503 quod
1210 2463 1311 2492 esset
1334 2452 1602 2491 necessarium
1638 2447 1857 2504 sacerdoti]

546 2510 764 2559 coniugato
797 2513 931 2561 quoad
965 2525 1018 2562 se,
1064 2525 1241 2560 uxorem,
1291 2512 1394 2548 filios
1427 2520 1464 2549 et
1497 2524 1610 2548 suam
1644 2509 1858 2555 familiam;
1903 2510 1981 2545 155¹¹

545 2570 613 2605 sed
646 2568 771 2617 magis
804 2570 1028 2607 necessarie
1061 2571 1192 2609 forent
1225 2569 1370 2607 divicie
1401 2578 1439 2606 et
1463 2568 1684 2617 occupacio
1717 2566 1858 2612 civilis,

546 2639 634 2663 cum
671 2627 785 2664 aliter
817 2637 981 2676 propter
1026 2628 1227 2666 maliciam
1276 2627 1413 2665 mundi
1447 2640 1526 2664 non
1560 2634 1712 2664 starent
1751 2625 1858 2674 paci·
1872 2637 1917 2668 40

546 2684 630 2732 fiee,
667 2697 760 2733 ergo
795 2685 1013 2723 conclusio.

616 2886 638 2906 1.
658 2881 699 2907 ut.
722 2877 817 2906 Cod.:
838 2880 880 2905 et.
