2050 3292
196 242 275 280 492
909 248 968 279 DE
997 247 1133 279 ctV1L1
1163 248 1371 280 DOM1N10.
1551 237 1657 291 [CAP.
1679 246 1787 274 xxm.

539 354 653 390 Unde
675 353 920 402 Augustinus
942 366 1061 401 super
1083 366 1266 391 sermone
1289 355 1410 394 Math.
1425 356 1476 391 V:
1507 355 1550 390 Si
1567 355 1787 403 specularia

481 410 516 445 in
551 419 683 448 ventre
714 412 953 457 haberemus,
1000 413 1046 448 de
1078 413 1250 449 omnibus
1283 413 1471 461 preciosis
1514 412 1604 449 cibis
1635 414 1788 449 erubes-

481 480 664 517 ceremus,
709 478 746 506 et
791 470 1033 507 declarando
1067 471 1176 518 quod
1219 470 1432 507 necessitas
1471 470 1703 518 preciositas
1736 470 1789 507 ci-

482 528 623 562 borum
659 539 702 563 ex
735 527 1024 564 consuetudine
1058 529 1164 565 mala
1196 528 1447 565 contrahitur
1479 527 1534 564 sic
1566 527 1787 576 subiungit:

480 584 663 621 videlicet
695 586 767 622 hoc
793 586 886 622 ‘dixi
915 593 955 621 ut
987 586 1122 622 divites
1144 598 1281 636 cogam
1316 586 1407 622 cibis
1433 598 1651 635 pauperum
1676 581 1821 622 vesci.5

486 643 653 678 Utuntur
685 643 821 679 divites
852 644 1125 680 consuetudine
1156 644 1392 692 infirmitatis
1422 656 1501 689 sue,
1533 644 1602 680 sed
1633 644 1790 679 doleant

479 700 595 736 aliter
625 713 665 736 se
686 714 759 737 non
786 713 924 750 posse,-
955 702 1090 737 melius
1111 702 1208 737 enim
1228 709 1395 750 possent,
1427 701 1462 737 si
1486 701 1601 737 aliter
1617 707 1788 750 possent.

480 759 528 793 Et
572 757 665 805 quia
709 758 824 794 multi
867 768 1064 806 pompant
1102 760 1210 807 quod
1242 758 1404 796 racione
1435 758 1675 806 ingenuiatis
1706 772 1789 795 non

480 811 680 868 poslsunt
712 816 857 853 talibus
891 816 989 853 cibis
1022 816 1144 863 vesci;
1179 817 1296 853 infert
1322 816 1583 864 Augustinus:
1619 817 1662 852 Si
1691 828 1788 868 ergo
1829 815 1911 843 200⁸

480 885 551 909 non
585 874 787 911 extollitur
811 887 964 924 pauper
995 875 1041 911 de
1077 875 1332 924 mendicitate,
1365 882 1404 910 tu
1437 886 1556 923 quare
1587 875 1847 911 extolleris¹0

480 931 526 967 de
556 931 809 981 infirnu'tate?

192 986 466 1058 Wisisriiogiini‘ft
540 991 653 1026 Unde
697 990 738 1026 in
782 993 839 1027 De
885 990 1084 1027 Conflictu
1122 989 1328 1027 Viciorum
1374 999 1410 1026 et
1448 989 1648 1026 Virtutum
1694 989 1788 1027 facit
1829 985 1854 1016 F

192 1055 263 1083 food
295 1056 395 1084 which
411 1047 725 1095 isaAugustinus
763 1048 803 1084 in
835 1061 1005 1096 persona
1037 1049 1126 1096 gule
1159 1048 1341 1096 superius
1374 1056 1676 1096 argumentum:
1728 1048 1790 1083 Ad

197 1077 465 1154 pnrgtcsggtngtfuraert,
481 1117 583 1140 esum
617 1107 724 1142 Deus
755 1107 881 1142 omnia
914 1107 1084 1143 condidit
1126 1115 1162 1143 et
1205 1106 1267 1155 qui
1309 1106 1389 1142 cibo
1420 1107 1598 1142 saturari
1628 1106 1786 1155 respuit,

478 1164 569 1212 quid
590 1164 699 1199 aliud
721 1177 831 1213 quam
855 1165 1008 1201 muneri
1027 1177 1204 1201 concesso
1227 1164 1488 1200 contradicit?
1517 1164 1594 1200 Sed
1615 1164 1785 1200 ciborum
1807 1158 1843 1191 15

474 1222 735 1272 parsymonia
780 1223 1006 1271 respondet:
1045 1223 1216 1271 primum
1260 1222 1364 1271 quod
1407 1222 1502 1258 dicis
1546 1234 1678 1258 verum
1713 1229 1789 1267 est;

479 1291 524 1315 ne
555 1280 667 1316 homo
696 1293 771 1329 pre
792 1281 908 1329 fame
940 1288 1170 1326 moreretur,
1213 1281 1282 1316 sed
1324 1292 1369 1315 ne
1410 1292 1630 1316 mensuram
1664 1291 1787 1316 come-

480 1337 597 1372 dendi
617 1339 833 1384 excederet,
856 1338 1126 1374 abstinenciam
1152 1338 1370 1387 imperavit.
1401 1339 1448 1374 Et
1470 1346 1561 1385 post
1583 1337 1788 1385 specificat

479 1395 789 1432 abstinenciam:
833 1397 950 1439 Sicut,
982 1395 1124 1444 inquit,
1158 1408 1254 1446 eger
1284 1397 1336 1431 ad
1366 1396 1608 1439 medicinam,
1651 1396 1706 1432 sic
1736 1396 1788 1431 ad

477 1454 682 1488 sumendas
726 1455 844 1502 dapes
887 1454 1039 1502 quilibet
1083 1454 1191 1490 debet
1221 1454 1416 1498 accedere,
1450 1466 1686 1503 nequaquam
1722 1466 1785 1489 vo·
1803 1455 1846 1477 20

479 1511 659 1559 luptatem
705 1511 741 1547 in
786 1513 839 1548 eis
882 1520 1064 1561 appetens
1095 1512 1163 1548 sed
1194 1512 1409 1548 necessitati
1441 1524 1683 1548 succurrens.
1739 1513 1787 1547 Et

479 1577 587 1616 patet
620 1571 728 1616 quod
760 1569 801 1605 in
825 1570 1030 1607 cibacione
1054 1582 1267 1617 peccamus
1288 1568 1407 1605 nimis
1423 1569 1692 1606 communiter
1714 1570 1786 1605 sub

479 1626 568 1662 fuco
613 1626 843 1674 sophistico.
896 1627 1115 1664 Curiositas
1149 1626 1253 1664 enim
1293 1627 1332 1663 in
1364 1627 1482 1664 lautis
1516 1627 1673 1664 cibariis
1705 1639 1787 1663 non

479 1692 535 1719 est
579 1692 620 1719 ut
663 1684 719 1721 sic
763 1698 862 1734 opus
906 1694 1047 1722 nature
1092 1687 1160 1721 sed
1193 1685 1289 1721 artis
1327 1686 1514 1731 humane,
1560 1685 1649 1722 ideo
1682 1687 1787 1721 Deus

477 1754 556 1777 non
590 1742 790 1779 ordinavit
822 1744 932 1780 illum
967 1745 1132 1780 modum
1168 1743 1305 1779 cibarii
1334 1745 1401 1780 sed
1424 1743 1633 1791 culpabilis
1657 1742 1784 1779 curio·
1803 1736 1843 1768 25

477 1798 571 1835 sitas
616 1800 811 1846 humana3
858 1810 894 1837 et
937 1801 1027 1838 ideo
1068 1801 1248 1837 condicio
1288 1800 1558 1848 religiositatis
1592 1809 1650 1837 est
1684 1800 1786 1837 vesci

476 1856 660 1905 integri83
694 1859 874 1906 quamvis
908 1859 1014 1895 enim
1048 1860 1266 1895 secundum
1302 1859 1563 1907 philosophos
1586 1858 1786 1906 simplicia

478 1915 672 1952 elementa
724 1929 805 1952 non
860 1917 1056 1962 nutriunt,
1108 1925 1244 1953 tamen
1288 1916 1499 1965 omogenia
1557 1926 1599 1952 ut
1651 1917 1784 1961 herbe,

477 1972 617 2020 pisceS,
652 1986 791 2011 carnes
825 1984 861 2010 et
895 1987 997 2023 aque
1029 1975 1114 2011 sine
1138 1974 1414 2020 commixtura,
1454 1974 1615 2020 frixura,
1650 1974 1786 2010 condi-

477 2039 565 2066 tura
597 2032 657 2067 vel
702 2032 930 2069 curiositate
975 2033 1064 2077 alia,
1110 2032 1257 2078 sanius,
1302 2032 1469 2069 validius
1504 2041 1540 2068 et
1572 2032 1784 2069 virtuosius
1802 2023 1843 2055 30

476 2098 670 2135 paverunt
703 2099 834 2137 patres
866 2100 1037 2137 sanctos,
1082 2099 1119 2127 et
1164 2103 1252 2127 cum
1299 2090 1465 2138 quilibet
1493 2086 1497 2130 Ι
1526 2102 1702 2126 recessus
1735 2091 1783 2126 ab
1824 2079 1906 2112 zoob

476 2145 559 2181 istis
608 2147 747 2183 mediis
802 2148 895 2184 facit
938 2150 998 2184 vel
1045 2150 1215 2185 mortale
1256 2149 1315 2184 vel
1358 2148 1512 2184 veniale
1557 2157 1782 2195 peccatum,

477 2212 585 2250 patet
627 2217 748 2252 quam
794 2205 950 2242 assidue
983 2206 1246 2243 inniteremur
1277 2206 1337 2242 vie
1371 2205 1510 2251 medie,
1557 2218 1605 2242 ne
1638 2218 1781 2254 appro-

476 2261 714 2309 pinquantes
746 2276 814 2300 ore
844 2264 954 2300 labili
988 2264 1256 2311 prolabamur.

200 2324 266 2363 Thte
287 2325 353 2352 best
374 2330 449 2352 state
534 2321 587 2355 Ex
620 2319 704 2357 istis
738 2321 938 2368 colligitur
968 2321 1113 2358 veritas
1145 2334 1266 2369 quam
1300 2321 1432 2369 sepius
1465 2320 1675 2365 inculcavi,
1708 2320 1780 2356 sci—
1800 2312 1838 2344 35

200 2360 567 2429 religigisstli'ijngficffi
619 2380 725 2425 quod
778 2388 903 2416 status
955 2379 1234 2427 religiosorum
1286 2378 1508 2415 vivencium
1561 2379 1779 2415 secundum

229 2437 258 2455 ¹¹¹
281 2434 418 2465 poverty.
476 2444 754 2482 paupertatem
801 2437 1069 2485 evangelicam
1104 2446 1160 2473 est
1193 2436 1505 2485 perfectissimus
1543 2436 1583 2472 in
1616 2435 1780 2472 ecclesia

477 2502 613 2529 sancta
646 2494 729 2532 Dei.
783 2496 997 2531 Probatur:
1043 2504 1168 2531 status
1212 2495 1299 2542 plus
1345 2494 1559 2542 disponens
1598 2495 1647 2530 ad
1681 2493 1780 2530 cari-

544 2637 568 2665 3.
591 2640 767 2672 necessitas,
795 2639 978 2673 preciosilas
998 2639 1039 2666 ita
1059 2638 1143 2673 cod.;
1174 2644 1269 2666 recte:
1298 2647 1520 2674 preciosorum.
1612 2638 1647 2666 15.
1683 2638 1777 2666 Cod.:

474 2672 612 2734 {dxli-'nib
624 2673 718 2735 {Zedsn
790 2672 835 2701 28.
851 2674 1007 2701 elementa.
1029 2674 1123 2702 Cod.:
1138 2674 1195 2701 ela.
1268 2673 1307 2701 31.
1324 2674 1401 2701 Cod.
1413 2684 1418 2701 :
1429 2676 1592 2709 paverant.
1646 2672 1697 2706 34:
1714 2674 1779 2701 oris

548 2801 573 2821 1.
606 2791 726 2821 Sermo
761 2791 833 2822 LXI
867 2791 899 2822 in
933 2789 1050 2822 Matth.
1085 2791 1176 2832 Opp.
1201 2792 1242 2831 V,
1276 2790 1350 2824 356.
1446 2801 1476 2834 9.
1515 2792 1561 2822 St.
1597 2791 1776 2832 Augustini

474 2836 565 2878 Opp.
590 2843 675 2869 tom.
693 2837 748 2879 Vs,
778 2839 864 2878 App.
890 2847 967 2879 pag.
995 2838 1186 2878 224—225.
