2050 3292
282 210 371 239 CAP.
387 200 533 255 xxvii]
746 211 880 242 LIBER
906 209 1116 241 TERTIUS.

1793 197 1875 245 639

281 327 414 355 catore
457 317 660 365 preposito
705 328 892 364 separare
925 327 964 351 se
999 315 1115 350 debet
1146 325 1217 349 nec
1251 325 1290 348 se
1323 313 1374 348 ad
1405 310 1588 358 sacrilegi
1621 319 1692 346 Itis
1715 321 1765 346 the
1787 320 1862 353 duty

280 376 499 413 sacerdotis
532 375 707 411 officium
742 374 923 419 miscere,
957 372 1149 420 quoniam
1174 371 1259 418 ipsa
1282 370 1393 417 plebs
1418 369 1589 404 maxime

1623 355 1655 380 of
1675 354 1723 380 the
1745 353 1817 389 laity
1837 358 1868 379 to

1656 388 1730 422 keep
1752 387 1837 414 aloof

280 436 398 470 habet
441 441 680 481 potestatem
727 440 763 467 et
806 430 979 478 eligendi
1013 430 1154 477 dignos
1193 429 1419 465 sacerdotes
1464 435 1501 462 et
1533 426 1591 462 in-
1615 424 1695 450 from
1717 422 1869 449 awicked

280 491 421 538 dignos
454 490 676 527 recusandi.
728 491 775 524 Et
813 496 943 537 potest
976 487 1130 523 fundari
1168 485 1343 531 racione,
1383 497 1474 521 cum
1507 484 1591 532 qui-

248 549 376 586 51ibet
408 550 524 584 debet
557 560 639 584 esse
673 559 826 583 memor
857 555 894 582 et
917 544 1113 582 sollicitus
1137 544 1242 580 circa
1265 543 1434 579 salutem
1460 541 1591 578 anime

281 619 357 655 que
390 605 571 643 consistit
604 603 819 641 causaliter
851 604 891 640 in
923 616 995 639 suo
1027 601 1237 651 proposito
1267 601 1335 649 qui
1369 601 1486 636 debet
1509 611 1592 636 esse

281 663 407 700 fidelis
450 671 700 711 procurator,
748 670 860 698 actor
903 670 1020 697 natus
1053 661 1114 697 vel
1156 659 1353 695 mediator
1384 657 1510 707 plebis
1543 658 1592 694 ad

281 723 422 757 Deum.
476 720 601 769 Magis
641 729 773 756 autem
814 727 969 756 caveret
1001 719 1049 754 de
1088 718 1163 754 isto
1195 725 1455 765 procuratore
1488 724 1592 752 terre

279 778 517 822 vivencium,
563 790 683 826 quam
724 789 943 825 procurare
990 775 1167 812 redditus
1212 774 1474 822 temporales;
1521 785 1594 809 nec

228 852 265 873 10
281 845 389 874 caret
433 835 506 872 ista
549 836 610 872 lex
654 835 815 872 racione
867 834 1077 882 scripture,
1132 845 1220 870 cum
1265 832 1355 868 talis
1402 832 1592 879 proditor,

281 894 467 930 adulator
510 902 630 942 atque
673 892 855 941 ypocrita
900 893 1016 928 debet
1061 904 1104 928 ex
1147 891 1234 938 lege
1279 889 1426 927 Christi
1472 889 1594 926 Math.

280 952 413 998 XVIII,
453 962 498 1001 17
534 964 617 988 esse
641 951 869 987 Christiano
903 958 1082 999 tanquam
1117 949 1288 984 ethnicus
1316 955 1351 983 et
1366 947 1596 996 publicanus

282 1018 319 1045 et
351 1022 422 1057 per
453 1021 702 1058 consequens
734 1009 850 1045 debet
882 1007 1028 1056 privari
1062 1005 1257 1043 beneficio
1292 1009 1349 1051 (ut
1380 1013 1541 1041 notatur
1562 1004 1595 1037 V

281 1067 457 1114 capitulo
489 1067 540 1102 IV
573 1066 719 1112 huius).
753 1067 867 1103 Unde
899 1065 1039 1101 XXXII
1072 1063 1333 1101 distinccione
1366 1063 1507 1098 Nullus
1539 1060 1595 1097 sic

227 1124 458 1172 1510quitur
489 1124 706 1161 Nicholaus
740 1134 864 1172 papa:
906 1123 1060 1166 Nullus,
1094 1121 1237 1170 inquit,
1272 1121 1428 1157 missam
1461 1119 1595 1155 audiat

275 1182 487 1231 presbiteri
522 1195 631 1232 quem
671 1182 741 1218 scit
779 1181 1026 1218 concubinam
1067 1180 1327 1215 indubitanter
1357 1179 1499 1215 habere
1531 1184 1597 1212 aut

279 1240 610 1276 subintroductam
636 1240 848 1276 mulierem.
886 1239 993 1274 Unde
1016 1238 1134 1275 eciam
1158 1238 1241 1287 ipsa
1263 1243 1395 1273 sancta
1420 1235 1597 1287 synodus

279 1299 349 1334 lzoc
372 1298 581 1347 capitulum
609 1298 678 1334 sub
702 1297 1104 1334 excommunicacione
1125 1295 1281 1340 statuit,·
1313 1303 1349 1331 et
1371 1294 1596 1331 Alexander

279 1357 476 1393 secundus
509 1356 658 1392 ibidem
692 1355 748 1391 sic
779 1354 977 1403 loquitur:
1011 1353 1265 1402 Precipiendo
1298 1352 1528 1388 mandamus
1558 1357 1597 1385 ut

223 1429 264 1450 20
280 1414 406 1450 nullus
450 1414 608 1450 missam
654 1413 787 1449 audiat
826 1412 1038 1462 presbiteri
1078 1423 1187 1460 quem
1231 1410 1303 1447 scit
1347 1409 1595 1446 concubinam

278 1472 419 1507 habere
463 1480 500 1508 et
544 1470 742 1519 sequitur:
790 1471 892 1506 Nam
938 1477 972 1505 et
1015 1470 1097 1518 ipsa
1141 1476 1273 1505 sancta
1311 1468 1489 1518 synodus
1527 1468 1597 1503 hoc

279 1529 346 1565 sub
390 1529 793 1565 excommunicacione
824 1528 956 1564 statuit
989 1527 1137 1563 dicens:
1194 1527 1416 1575 Quicunque
1465 1537 1595 1561 sacer-

281 1588 425 1633 dotum,
471 1587 756 1638 dyaconorum,
801 1586 1161 1637 subdyaconorum,
1208 1591 1298 1634 post
1350 1583 1595 1620 constitutum

280 1645 373 1680 bone
430 1645 614 1681 memorie
659 1644 950 1693 predecessoris
1007 1643 1131 1679 nostri
1191 1642 1316 1678 sancti
1365 1641 1505 1677 Leonis
1563 1647 1599 1676 et

224 1708 262 1740 25
279 1702 436 1739 Nicolaz'
468 1703 513 1738 de
536 1703 711 1739 castitate
732 1702 978 1747 clericorum,
1012 1700 1261 1737 concubinam
1280 1700 1415 1749 palam
1441 1697 1599 1734 duxerit

281 1761 341 1796 vel
385 1761 538 1796 ductam
583 1773 655 1796 non
695 1760 895 1808 reliquerit
927 1770 977 1795 ex
1010 1766 1128 1808 parte
1160 1757 1426 1806 omnipotentis
1458 1756 1535 1792 Dei
1564 1762 1599 1791 et

280 1818 512 1854 auctoritate
556 1818 777 1868 principum
828 1817 1092 1866 apostolorum
1133 1816 1241 1851 Petri
1284 1822 1319 1851 et
1359 1814 1473 1851 Pauli
1505 1825 1597 1863 pre-

281 1876 441 1925 cipimus
486 1883 520 1912 et
564 1876 716 1912 omnino
761 1875 1062 1912 contradicimus
1106 1881 1145 1909 ut
1190 1874 1328 1910 missas
1368 1885 1440 1908 non
1474 1878 1599 1908 cantet

161 1938 240 1970 2580
281 1945 347 1969 nec
390 1934 632 1984 evangelium
663 1935 667 1982 1
697 1934 802 1984 legat
846 1945 963 1981 neque
995 1932 1196 1981 epistolam
1242 1932 1291 1967 ad
1327 1931 1483 1967 missam
1532 1941 1599 1965 nec

225 1998 266 2029 30
282 1998 434 2026 maneat
472 2004 556 2027 cum
596 1992 748 2027 clericis
786 2003 904 2039 neque
937 1997 1091 2039 partem
1132 1990 1177 2024 ab
1212 1989 1369 2025 ecclesia
1400 1987 1596 2036 suscipiat.

282 2050 361 2092 Sed
393 2050 469 2085 heu
500 2057 591 2097 post
623 2049 938 2085 declinacionem
974 2047 1139 2084 ecclesie
1162 2048 1213 2083 ad
1236 2055 1401 2095 peccata
1426 2046 1599 2093 suscepit

281 2106 357 2143 ista
380 2106 438 2142 16)(
460 2108 611 2155 glossas
636 2106 889 2155 multiplices,
914 2114 958 2142 ut
981 2105 1035 2141 hii
1060 2104 1209 2151 dicunt,
1235 2106 1344 2153 quod
1365 2103 1598 2151 intelligitur

282 2165 330 2200 de
375 2163 533 2201 iusticia
585 2164 679 2201 iuris
731 2177 812 2201 non
855 2163 964 2210 facti,
1018 2162 1072 2199 hii
1117 2164 1225 2211 quod
1272 2162 1436 2199 clericus
1482 2162 1598 2197 debet

283 2222 436 2259 moneri
481 2230 637 2259 tantum
684 2224 731 2259 ab
772 2221 963 2270 episcopo
998 2230 1034 2257 et
1067 2221 1122 2257 hii
1156 2221 1263 2269 quod
1296 2219 1397 2267 layci
1431 2227 1598 2267 possunt

226 2285 302 2318 353
347 2280 492 2316 talibus
537 2281 770 2317 subtrahere
819 2279 993 2317 decimas
1038 2280 1106 2315 sed
1145 2287 1300 2315 tantum
1339 2276 1597 2314 voluntarias.

281 2338 437 2374 Veritas
477 2346 534 2374 est
568 2338 685 2384 enim,
733 2346 776 2374 ut
809 2337 950 2374 recitat
982 2335 1290 2373 archidiaconus
1323 2348 1367 2372 6)(
1400 2333 1596 2383 HuguciO,

284 2398 390 2444 quod
422 2395 569 2432 sufficit
603 2395 778 2432 monicio
812 2395 1099 2442 cuiuscunque,
1133 2406 1270 2441 ymmo
1303 2401 1393 2441 post
1422 2391 1597 2429 notorie-

282 2462 405 2490 tatem
445 2453 539 2490 facti
579 2466 655 2501 que
694 2462 751 2490 est
785 2453 959 2489 maxima
993 2465 1081 2489 cum
1123 2451 1172 2488 sit
1212 2463 1425 2499 suspensus
1458 2463 1479 2487 a
1514 2452 1597 2486 Deo

284 2520 321 2547 et
359 2511 726 2548 excommunicatus
765 2510 1008 2548 horribiliter
1041 2511 1158 2546 debet
1189 2509 1321 2546 subire
1354 2521 1477 2557 penas
1509 2520 1597 2555 pre-

356 2688 384 2715 9.
406 2680 502 2708 Cod.:
524 2680 713 2716 temporalis.

382 2765 429 2797 15.
457 2765 541 2798 Dist.
567 2764 699 2806 XXXII,
727 2773 799 2805 cap.
828 2764 868 2796 V.
971 2773 1020 2805 19.
1047 2763 1094 2794 Ib.
1122 2772 1195 2804 cap.
1219 2762 1275 2794 VI.
1374 2760 1425 2794 36.
1453 2761 1472 2792 i.
1500 2771 1527 2792 e.
1555 2762 1597 2791 ad

285 2812 409 2842 decret.
437 2811 685 2852 supradictam.

1645 458 1739 492 priest
1759 465 1794 483 01·
1813 461 1844 483 to

1640 493 1755 527 depose
1776 491 1850 518 him.
