2050 3292
188 229 270 267 530
911 223 970 255 DE
999 223 1133 254 CIVILI
1161 224 1371 256 DOMINIO.
1546 212 1657 266 [CAP.
1678 221 1788 249 xx1v.

476 340 670 380 quantum
696 331 802 377 tale),
833 329 925 366 licet
950 330 1075 366 multa
1099 328 1299 375 mortalia,
1324 329 1417 378 quia
1442 329 1578 366 omnia
1602 332 1788 369 mortalia

474 389 515 426 in
549 396 744 438 quantum
780 395 947 436 peccata
980 386 1241 436 predestinati
1275 395 1366 424 sunt
1397 387 1581 424 venialia.

206 453 310 481 Venia!
334 454 380 481 sin
402 453 437 481 of
532 449 587 483 Ex
619 445 701 483 istis
734 454 843 494 patet
876 446 985 494 quod
1018 444 1219 481 infinitum
1252 444 1380 482 maior
1402 458 1507 494 pena
1529 447 1695 483 debetur
1718 460 1789 495 pro

202 489 442 550 ἶξθψῑξῑξᾏοξέἑὲ
474 504 527 541 ali
555 501 560 556 Ι
589 516 669 553 quo
702 502 847 540 veniali
881 516 1001 552 quam
1035 515 1108 551 pro
1141 503 1217 540 isto
1252 504 1384 539 dando
1419 503 1577 540 mortali
1610 505 1789 543 humano
1823 506 1910 540 1215¹³

185 558 449 628 trireffrtgciessiilngtfe
474 561 622 599 iudicio
656 561 878 610 quamlibet
910 560 1104 609 graviori3
1150 569 1260 609 patet
1303 560 1350 598 de
1382 561 1526 598 veniali
1559 562 1720 610 presciti
1752 565 1823 601 et5

454 613 635 657 'mortali
680 618 955 667 predestinati,
1009 626 1053 655 ut
1098 620 1146 655 de
1182 618 1327 655 veniali
1372 619 1559 656 Scarioth
1603 628 1640 656 et
1677 621 1790 658 Pauli

473 677 745 726 blasphemia;
769 686 806 713 et
830 676 884 713 ita
902 679 1008 714 Deus
1032 689 1113 713 non
1147 675 1314 713 remittit
1338 685 1547 724 peccatum
1571 677 1789 724 infinitum,

473 736 566 773 licet
589 743 812 772 commutat
834 743 1071 783 perpetuam
1090 733 1130 771 in
1153 735 1431 782 temporalem,
1454 748 1543 772 cum
1568 735 1667 772 illud
1683 739 1790 785 quod

474 806 556 831 non
580 801 637 830 est
669 805 748 829 non
772 792 989 830 remittitur
1017 804 1089 829 nec
1120 800 1311 838 mutatur,
1351 794 1421 829 sed
1445 793 1613 831 remittit
1635 804 1788 832 reatum

475 860 512 889 et
545 852 717 900 culpam,
763 852 1004 887 reservando
1049 862 1193 898 penam
1238 851 1518 898 temporalem,
1559 852 1627 888 ubi
1661 852 1692 889 si
1725 854 1791 890 de·
1812 865 1848 886 [o

475 908 592 946 fuerit
624 908 697 947 Dei
742 908 1031 955 misericordia,
1078 916 1270 957 perpetuo
1314 908 1537 957 puniretur.
1603 912 1649 946 Et
1698 923 1789 948 cum

476 975 642 1016 peccata
672 979 718 1004 ac
751 979 852 1015 pene
885 966 925 1002 in
948 965 1160 1015 gravedine
1184 968 1515 1015 correspondent,
1551 976 1658 1015 patet
1682 971 1790 1017 quod

477 1038 597 1062 omne
630 1033 840 1073 peccatum
874 1024 1034 1073 presciti
1069 1032 1126 1061 est
1159 1024 1456 1072 quantumlibet
1488 1025 1645 1073 gravius
1668 1040 1788 1075 quam

477 1083 641 1132 aliquod
674 1090 883 1132 peccatum
917 1082 1189 1131 predestinati.
1234 1085 1277 1119 In
1310 1083 1540 1131 dampnatis
1572 1096 1664 1121 vero
1697 1085 1792 1122 dicit
1831 1087 1859 1117 H

477 1141 723 1190 Augustinus
751 1140 1015 1178 Enchiridion
1046 1141 1212 1185 LXXIV,
1247 1141 1355 1189 quod
1388 1141 1589 1178 mitissima
1622 1143 1790 1180 omnium
1811 1145 1847 1178 15

471 1213 571 1250 pena
600 1207 786 1250 perpetua
819 1199 892 1235 erit
924 1211 1056 1236 eorum
1089 1199 1155 1248 qui
1185 1207 1323 1247 preter
1356 1207 1557 1248 peccatum
1596 1201 1793 1251 originale

477 1258 622 1294 nullum
655 1262 807 1293 actuale
838 1258 995 1306 insuper
1026 1257 1261 1293 addiderunt
1293 1265 1327 1293 et
1359 1258 1394 1292 in
1427 1258 1565 1294 ceteris
1596 1260 1661 1307 qui
1680 1260 1791 1295 addi-

477 1318 618 1352 derunt
649 1323 754 1352 tanto
792 1315 948 1363 quilibet
985 1315 1037 1364 ibi
1065 1315 1383 1352 tollerabiliorem
1419 1316 1569 1351 habebit
1603 1318 1791 1367 dampna-

477 1375 634 1420 cionem,
674 1381 812 1422 quanto
846 1373 1032 1410 minorem
1066 1374 1118 1409 ad
1149 1373 1362 1409 maximum
1404 1373 1463 1409 hic
1496 1374 1626 1410 hahuit
1658 1375 1792 1424 iniqui-

477 1440 606 1469 tatem.
640 1433 688 1467 Et
711 1440 820 1479 patet
844 1431 1141 1468 concordancia
1165 1443 1301 1467 sensus
1325 1444 1415 1468 cum
1439 1431 1525 1468 aliis
1560 1433 1792 1471 doctoribus
1809 1444 1850 1465 20

477 1490 516 1527 in
561 1490 636 1527 ista
682 1489 861 1536 materia,
906 1489 997 1526 licet
1042 1501 1259 1537 parumper
1303 1488 1554 1526 discordetur
1591 1489 1632 1527 in
1664 1492 1790 1539 loyca.

477 1547 555 1585 Alii
588 1556 721 1585 autem
757 1548 893 1584 dicunt
933 1548 1040 1596 quod
1082 1547 1302 1585 remittitur
1333 1556 1543 1596 peccatum
1569 1556 1607 1585 et
1628 1549 1792 1586 solvitur

479 1605 674 1651 debitum,
718 1619 799 1642 non
845 1607 953 1654 quod
998 1614 1055 1643 est
1088 1605 1126 1642 in
1161 1614 1253 1642 actu
1300 1607 1368 1643 sed
1408 1605 1448 1642 in
1481 1606 1666 1654 potencia
1700 1620 1791 1655 pro-

478 1664 642 1713 pinqua,
676 1663 783 1700 iuxta
812 1665 975 1700 modum
1010 1663 1200 1712 loquendi
1225 1663 1371 1700 Christi
1395 1665 1489 1700 Luc.
1514 1665 1594 1711 VII,
1619 1677 1692 1715 47:
1722 1666 1794 1702 Cui

479 1723 603 1759 minus
636 1722 843 1758 dimittitur
864 1723 989 1758 minus
1019 1722 1168 1773 diligit;
1200 1734 1272 1758 nec
1306 1731 1362 1758 est
1395 1722 1451 1758 vis
1484 1721 1524 1758 in
1557 1721 1629 1759 ista
1664 1724 1848 1761 vocali25

479 1779 753 1829 discrepancia
785 1781 853 1816 sed
887 1780 926 1817 in
958 1793 1087 1819 sensu.

236 1834 417 1869 Objection:
536 1840 614 1875 Sed
671 1838 852 1886 arguitur
909 1847 1048 1875 contra
1102 1838 1276 1885 primum
1331 1850 1488 1874 sensum
1550 1839 1687 1875 datum
1741 1841 1791 1876 ad

216 1870 283 1897 Men
305 1878 356 1897 are
376 1874 429 1897 not

188 1897 819 1951 hounatpgollowcognoscendum‚
871 1895 903 1932 si
956 1898 1076 1933 homo
1124 1895 1309 1932 habuerit
1354 1896 1582 1932 caritatem:
1627 1896 1794 1934 Videtur

231 1940 429 2002 cgfsssgssltssas
479 1954 586 1992 enim
631 1954 739 1991 iuxta
783 1954 881 1990 illud
915 1956 1022 2003 quod
1055 1966 1175 1991 nemo
1203 1950 1208 2007 Ι
1237 1954 1339 1990 foret
1378 1953 1416 1989 in
1451 1953 1586 2002 gracia
1618 1954 1693 1991 nisi
1726 1957 1794 1992 ob-
1834 1956 1913 1988 215⁰

233 2009 423 2072 werlgczgstlgis
480 2012 694 2050 servaverit
738 2020 819 2048 tam
855 2011 1019 2049 consilia
1052 2024 1171 2061 quam
1208 2019 1409 2059 precepta,
1454 2024 1589 2059 ymmo
1628 2011 1795 2061 quilibet
1810 2015 1852 2048 30

252 2053 404 2107 {inswper}
478 2070 631 2119 positus
683 2070 723 2106 in
775 2069 1000 2118 adopcione
1053 2072 1223 2107 duarum
1283 2070 1639 2106 conversacionum
1693 2084 1794 2119 eque

207 2113 440 2176 Tcgtffifggrrdthe
479 2128 731 2177 possibilium
766 2136 968 2165 teneretur
1000 2130 1073 2166 sub
1106 2140 1208 2176 pena
1248 2128 1401 2175 peccati
1437 2127 1617 2164 mortalis
1651 2128 1794 2177 eligere

206 2184 362 2212 increases
382 2182 439 2211 sin.
480 2187 709 2231 meliorem;
745 2195 781 2223 et
814 2185 870 2223 sic
904 2186 1071 2234 quilibet
1104 2193 1261 2222 tenetur
1294 2198 1376 2222 esse
1409 2185 1630 2234 religiosus.

539 2244 611 2281 Hic
656 2244 801 2281 dicitur
845 2245 954 2282 salvo
998 2243 1148 2281 iudicio
1194 2243 1349 2280 meliori
1397 2246 1504 2292 quod
1549 2243 1679 2281 omnis
1726 2244 1794 2292 qui

480 2303 649 2339 scienter
692 2302 732 2338 in
776 2302 1009 2350 particulari
1043 2311 1080 2339 et
1112 2301 1357 2339 sufficienter
1394 2301 1562 2338 incurrit
1600 2302 1793 2339 offensam
1811 2305 1851 2337 35

480 2360 551 2397 Dei
584 2373 657 2409 pro
690 2373 930 2409 quocunque
964 2362 1069 2397 bono
1092 2368 1275 2398 creature
1305 2359 1486 2408 possibili
1510 2369 1552 2396 ut
1576 2359 1631 2397 sic
1654 2369 1795 2408 peccat

481 2418 715 2464 mortaliter,
761 2419 854 2467 quia
899 2418 1027 2467 diligit
1073 2426 1298 2455 creaturam
1346 2430 1466 2466 super
1510 2419 1652 2463 Deum,
1703 2430 1792 2454 cum

480 2478 751 2525 preponderat
774 2478 994 2525 dampnum
1020 2475 1201 2513 carencie
1224 2476 1305 2512 dati
1324 2476 1418 2512 doni
1444 2477 1621 2524 dampno
1645 2475 1794 2513 offense

481 2534 553 2571 Dei
587 2544 624 2572 et
655 2547 727 2583 per
743 2547 992 2584 consequens
1025 2546 1205 2572 amorem
1230 2533 1309 2571 dati
1343 2533 1437 2570 boni
1461 2533 1591 2571 amori
1625 2533 1710 2570 Dei.
1745 2536 1794 2570 Et

481 2592 537 2629 sic
569 2592 736 2641 quilibet
766 2601 924 2630 tenetur
954 2594 1165 2630 observare
1197 2600 1280 2628 tam
1304 2590 1451 2628 Christi
1475 2591 1641 2628 consilia
1671 2604 1791 2640 quam
1807 2603 1851 2634 40

549 2751 575 2778 ὃ.
592 2753 784 2786 perpetuam,
805 2751 824 2777 i.
845 2759 870 2778 e.
886 2758 1010 2786 penam.
1083 2750 1123 2778 15.
1138 2749 1232 2777 Cod.:
1254 2756 1348 2777 omnt.
1420 2747 1467 2781 39.
1487 2755 1616 2776 amore.
1633 2768 1640 2777 .
1656 2768 1662 2775 .
1677 2756 1792 2776 amore.

557 2833 605 2865 15.
632 2834 736 2864 Recte
762 2833 878 2876 XCIII,
904 2843 982 2874 pag.
1009 2834 1086 2866 231.
