2050 3292
250 203 338 231 cm.
355 195 496 247 xxx-nt]
720 205 854 237 LIBER
881 205 1091 238 TERTffls.

250 320 287 348 et
332 311 452 347 cicius
496 310 700 348 liberatur.
754 311 848 346 Ideo
895 314 951 356 (ut
989 309 1065 346 dixi
1105 311 1144 346 in
1183 311 1261 347 fine
1295 313 1362 347 XX
1395 311 1557 359 capituli

250 368 380 413 huius)
426 368 539 405 multi
584 367 723 404 divites
769 368 907 404 mundi
951 376 1085 404 errant
1132 368 1172 404 in
1210 368 1298 418 isto,
1342 369 1556 416 plurimum

249 434 433 474 putantes
477 427 585 474 quod
629 425 704 473 ipsi
748 424 1002 473 singulariter
1047 427 1249 462 habebunt
1283 428 1330 462 de
1363 426 1478 463 bonis
1510 428 1558 463 ab

248 485 521 521 executoribus
578 483 659 520 suis
717 482 939 520 distributis
996 483 1254 531 appropriate
1306 483 1558 533 suffragium3

215 541 411 590 §contigit
457 543 557 577 enim
605 552 813 589 pauperes,
859 540 1154 589 quantumlibet
1197 540 1275 577 illis
1320 540 1558 591 incognitos,

247 600 335 647 plus
367 599 442 636 illis
475 598 730 647 participare,
763 610 807 634 ex
839 611 917 646 quo
940 598 1086 635 fuerint
1115 608 1213 647 aput
1236 601 1361 635 Deum
1386 598 1558 636 veriores

247 656 399 694 domini
444 665 480 693 et
525 657 612 704 plus
657 657 706 692 ad
745 657 940 692 honorem
975 658 1045 692 Dei
1082 656 1142 692 usi
1175 657 1331 692 fuerant
1364 657 1410 692 de
1443 656 1558 693 dictis

247 715 372 760 bonis,
407 723 450 751 ut
483 722 590 762 patet
623 726 667 750 ex
700 713 936 750 condicione
969 713 1137 750 dominii
1169 714 1303 762 gracie
1336 715 1559 762 exemplata

246 801 256 811 .
281 800 288 807 .
314 799 324 809 .
349 771 523 820 capitulo
554 771 671 807 huius
694 770 833 819 quinti.
868 773 960 808 Ideo
986 774 1042 817 (ut
1064 772 1241 819 tangitur
1263 772 1340 808 isto
1364 771 1556 819 capitulo)

193 842 392 878 iomagna
435 831 585 866 videtur
628 828 801 865 stulticia
853 829 961 876 quod
1012 829 1152 866 divites
1204 828 1435 877 superstites
1478 843 1558 866 non

246 887 488 924 distribuunt
527 886 768 935 pauperibus
803 888 906 922 bona
939 899 1021 928 sua,
1062 888 1170 934 quod
1205 886 1385 923 meminit
1418 888 1556 924 beatus

246 944 461 993 Gregorius
499 946 547 980 IV
592 944 858 993 Dyalogorum
906 944 1081 992 capitulo
1127 944 1288 981 ultimo:
1342 945 1447 980 Inter
1491 945 1558 981 hec

246 1002 389 1051 inquit,
440 1002 634 1039 sciendum
686 1002 789 1051 quod
832 1002 955 1038 tucior
998 1002 1058 1037 via
1101 1003 1150 1038 sit
1193 1010 1231 1038 ut
1275 1003 1411 1038 bonum
1454 1004 1558 1051 quod

128 1052 207 1086 ²5⁰⁸
245 1061 400 1109 quisque
431 1067 521 1109 post
560 1072 648 1096 mor
673 1057 677 1111 1
706 1067 779 1095 tem
819 1072 928 1095 suam
965 1067 1099 1108 sperat
1136 1060 1206 1110 agi
1230 1072 1305 1108 per
1335 1060 1433 1096 alios
1463 1068 1558 1110 agat

192 1119 336 1154 xba'um
370 1118 461 1155 vivit
493 1118 572 1166 ipse
597 1129 671 1166 per
701 1129 754 1153 se.
786 1117 951 1153 Beacius
983 1124 1039 1153 est
1068 1117 1207 1166 quippe
1239 1118 1399 1153 liberum
1433 1118 1557 1164 exire,

245 1188 357 1225 quam
397 1182 487 1224 post
530 1175 680 1210 vincula
726 1175 940 1211 libertatem
984 1187 1167 1223 querere5
1210 1175 1389 1211 debemus
1432 1175 1558 1224 itaque

238 1246 400 1283 presens
430 1233 599 1269 seculum
634 1233 694 1268 vel
726 1232 811 1281 quia
844 1233 919 1268 iam
953 1233 1209 1281 conspicimus
1241 1232 1448 1282 defluxisse
1478 1240 1556 1268 tota

247 1298 369 1327 mente
400 1297 680 1340 contempnere,
712 1290 933 1339 quotidiana
961 1291 1046 1326 Deo
1080 1291 1334 1326 lacrimarum
1366 1290 1556 1340 sacrificia

244 1349 488 1398 quotidianas
537 1348 666 1384 carnis
711 1348 789 1384 eius
833 1355 868 1384 et
910 1348 1111 1398 sanguinis
1161 1348 1305 1384 hostias
1345 1348 1558 1398 ymolare;

190 1421 230 1441 ιο
245 1407 312 1443 hec
344 1418 506 1455 namque
535 1405 793 1455 singulariter
824 1404 976 1441 victima
1008 1406 1054 1441 ab
1078 1413 1209 1442 eterno
1232 1405 1384 1441 interitu
1407 1405 1558 1442 animas

243 1465 393 1508 salvat;
436 1463 635 1500 sacerdoti
680 1471 814 1500 autem
859 1464 1022 1511 prodest
1066 1463 1097 1498 si
1135 1475 1176 1499 se
1220 1462 1351 1510 ipsum
1387 1465 1470 1500 Deo
1515 1463 1555 1499 in

245 1521 375 1558 cordis
415 1520 661 1558 contricione
700 1529 737 1556 et
777 1520 958 1568 corporis
992 1520 1270 1557 maceracione
1308 1520 1555 1565 mactaverit,

245 1588 282 1615 et
313 1578 541 1627 specialiter
572 1578 604 1614 si
638 1578 781 1614 delicta
815 1578 855 1615 in
887 1578 1016 1626 ipsum
1053 1577 1257 1616 dimiserit.
1309 1579 1396 1624 Qui,
1428 1578 1556 1626 inquit

245 1638 470 1685 Gregorius,
489 1636 682 1686 passionis
697 1636 885 1672 dominice
906 1636 1077 1672 misteria
1101 1637 1353 1681 celebramus,
1378 1636 1557 1672 debemus

188 1695 402 1739 25imitari‚
433 1695 536 1744 quod
566 1693 732 1744 agimus.
777 1696 824 1730 Et
858 1694 929 1730 hec
962 1693 1101 1731 efficax
1136 1694 1329 1730 memoria
1362 1693 1555 1742 passionis

246 1761 281 1789 et
332 1751 575 1789 imitacionis
627 1751 823 1799 passionis
876 1751 1023 1788 Christi
1083 1760 1140 1788 est
1192 1764 1312 1788 causa
1365 1751 1556 1800 precipua

246 1809 557 1846 ministracionis
581 1809 697 1846 huius
729 1809 965 1846 venerabilis
998 1809 1252 1847 sacramenti.
1287 1810 1401 1846 Unde
1423 1809 1555 1845 subdit

244 1866 457 1915 Gregorius
496 1866 537 1903 in
577 1867 656 1904 fine
683 1867 858 1916 fidenter
890 1867 974 1903 dico
1006 1866 1093 1916 quia
1131 1867 1299 1903 salutari
1326 1867 1450 1904 hostia
1483 1879 1555 1903 non

243 1925 510 1976 indigebimus,
541 1925 575 1961 si
604 1932 689 1960 ante
720 1932 883 1961 mortem
917 1925 1000 1961 Deo
1032 1925 1154 1961 hostia
1186 1925 1258 1974 ipsi
1273 1925 1487 1974 fuerimus.

1763 199 1840 246 645

175 1988 205 2026 Q
300 1985 382 2019 Nec
414 1981 594 2031 sequitur
627 1994 670 2019 ex
693 1982 809 2019 dictis
832 1982 916 2018 istis
939 1985 1046 2030 quod
1075 1982 1326 2031 superfluunt
1347 1982 1554 2019 oraciones
1569 1996 1690 2032 special
1718 2001 1843 2029 prayers

244 2040 448 2091 speciales,
481 2040 576 2088 quia
608 2052 679 2088 per
711 2040 798 2077 illas
832 2053 943 2076 mens
982 2040 1134 2077 orantis
1167 2040 1334 2077 caritate
1366 2039 1553 2088 ampliori

1606 2032 1646 2059 do
1666 2028 1747 2066 good
1769 2028 1807 2063 by

1567 2065 1700 2100 exciting
1724 2062 1843 2098 charity

244 2098 488 2144 accenditur,
534 2107 571 2134 et
603 2098 659 2134 sic
693 2107 860 2146 prosunt
893 2111 963 2145 per
995 2098 1193 2144 accidens,
1238 2099 1307 2134 sed
1345 2110 1426 2134 non
1465 2098 1554 2145 plus
1569 2101 1599 2139 ir!
1625 2100 1675 2128 the
1701 2098 1786 2127 mind
1811 2098 1845 2125 of

244 2168 362 2204 quam
396 2156 533 2192 oracio
564 2156 771 2203 generalis,
806 2157 834 2192 si
866 2157 904 2192 in
935 2155 1109 2203 generali
1142 2156 1236 2192 assit
1265 2164 1376 2192 tanta
1409 2155 1554 2192 caritas

244 2212 476 2261 utrobique;
523 2222 560 2250 et
607 2213 662 2251 sic
701 2214 864 2262 prodest
902 2213 1077 2250 intencio
1110 2213 1293 2258 oratoris,
1340 2226 1429 2250 cum
1464 2214 1553 2249 hinc

188 2276 227 2309 35
244 2271 475 2308 accenditur
519 2271 559 2307 in
602 2283 739 2308 amore
784 2279 821 2307 et
853 2271 1070 2309 devocione
1102 2280 1139 2308 et
1172 2270 1300 2308 sciens
1333 2272 1441 2319 quod
1472 2283 1554 2307 non

246 2337 420 2366 meretur
470 2328 524 2365 eis
575 2341 675 2377 quos
725 2337 880 2365 tantum
926 2328 1054 2376 diligit
1108 2328 1183 2365 nisi
1228 2327 1277 2365 sit
1328 2328 1367 2364 in
1419 2328 1554 2376 gracia

191 2419 193 2422 .
245 2395 428 2434 precavet
451 2395 615 2434 peccata
638 2386 826 2423 sectando
850 2386 1120 2434 frequenciam
1155 2387 1353 2423 bonorum
1384 2398 1550 2434 operum

245 2452 282 2480 et
313 2445 493 2491 virtute53
526 2446 576 2480 ad
608 2444 703 2480 talia
736 2443 951 2492 requiritur
984 2443 1136 2491 privata
1170 2443 1344 2480 intencio
1368 2442 1552 2489 oratoris,

126 2503 206 2538 260b
243 2510 286 2537 ut
309 2501 404 2538 dicit
426 2510 586 2538 sanctus
608 2502 801 2546 Thomas,
830 2514 911 2537 non
944 2502 1051 2549 quod
1080 2498 1084 2553 ί
1113 2513 1231 2538 nemo
1259 2501 1298 2537 in
1322 2503 1552 2549 purgatorio

313 2677 341 2704 9.
362 2670 519 2697 Numerus
539 2669 665 2705 capituli
685 2668 780 2696 deest.
853 2669 890 2696 [δ’.
912 2668 1010 2695 Cod.:
1029 2676 1087 2703 quo
1109 2668 1184 2695 Deo.

268 2798 288 2831 8
319 2762 368 2832 ig.
394 2753 564 2833 Νῗιχεειρ.
582 2753 643 2789 ult,
662 2753 723 2790 scd
743 2752 859 2795 LVIII,
879 2753 970 2798 Opp.
988 2758 1060 2785 tom
1079 2751 1117 2797 ΙΙ,
1135 2762 1213 2799 47¹·
1286 2761 1338 2796 24.
1365 2752 1447 2801 Cap.
1469 2751 1553 2791 LIX,

247 2809 263 2837 2
292 2824 300 2833 .
356 2809 410 2847 ap.
498 2824 505 2837 ,

1570 2136 1632 2163 him
1648 2134 1718 2162 who
1740 2141 1842 2169 prays.
