2050 3292
226 230 307 276 586

233 872 261 898 A
282 872 368 906 thing
388 872 444 898 has
465 880 481 898 a

283 907 436 933 threefold

233 942 353 968 created
376 942 482 977 being3

224 985 244 1004 1.
265 977 296 1003 in
316 976 354 1003 its
375 984 493 1008 causes,

291 1019 316 1038 2.
338 1012 368 1038 in
389 1012 428 1038 its

275 1046 438 1079 existence,

231 1080 255 1108 3.
278 1081 307 1108 in
328 1081 368 1108 its
389 1081 484 1108 effect.

281 2601 364 2637 &Vhy
384 2603 434 2629 the

230 2637 392 2671 reprobate
413 2645 493 2665 were

291 2673 423 2699 created.

934 239 992 269 DE
1021 238 1156 269 cunm
1184 238 1394 270 DOMtNlo.
1596 224 1704 281 [CAP.
1724 235 1822 262 xxv.

514 345 735 381 formaliter
768 356 1009 392 quocunque
1043 351 1209 391 peccato
1253 342 1312 378 sui
1352 342 1520 390 generis,
1565 343 1657 379 licet
1702 342 1823 380 faciat

516 402 688 438 mediate
720 403 799 438 tale
830 410 1040 449 peccatum
1072 401 1173 437 sicut
1206 413 1399 448 generans
1422 400 1482 436 vel
1506 400 1705 448 accipiens
1729 401 1823 437 facit

513 460 716 496 hominem
751 460 811 496 vel
844 468 1012 495 mortem
1048 458 1221 495 hominis
1254 466 1488 506 sequentem
1528 466 1618 505 post
1651 467 1820 495 mortem

511 517 709 563 facientis,
743 519 810 553 sed
844 516 937 553 facit
971 517 1037 552 illa
1070 525 1286 563 antequam
1321 515 1515 551 moriatur
1545 524 1581 550 et
1606 525 1821 564 antequam

511 576 589 611 sint
633 575 749 620 facta,
796 583 833 611 et
877 574 932 610 sic
964 575 1093 610 Adam
1140 586 1213 609 nec
1257 584 1365 609 nunc
1409 581 1561 620 peceat,
1605 585 1677 609 nec
1716 576 1855 610 nun05

510 634 594 669 vult
638 641 706 668 aut
750 632 844 668 facit
888 632 1093 668 hominem
1133 643 1313 679 peccare,
1357 632 1424 667 sed
1464 631 1625 678 quando
1657 631 1751 667 vivit
1782 631 1822 667 in

510 690 638 737 terris,
673 700 709 726 et
741 699 833 726 sunt
866 690 941 726 ista
974 689 1061 736 sibi,
1108 698 1145 725 et
1178 690 1225 725 de
1257 688 1443 725 omnibus
1476 687 1551 723 illis
1585 688 1731 736 accipit
1764 689 1823 725 in-

510 748 774 795 dulgenciam.
836 748 969 783 Infans
1015 755 1147 783 autem
1192 747 1273 782 vult
1316 758 1481 793 peccare
1513 746 1717 783 voluntate
1749 746 1823 783 im—

510 806 648 854 plicita
692 815 729 842 et
772 806 938 842 confusa
981 817 1053 840 nec
1087 806 1205 840 habet
1240 803 1444 840 maioritas
1483 803 1637 851 peccati
1671 803 1822 840 attendi

510 876 631 911 penes
672 863 797 911 magis
844 862 1130 899 voluntarium.
1195 864 1242 897 Et
1287 870 1482 909 quantum
1528 862 1578 897 ad
1612 861 1881 898 materiam1o

512 923 559 957 de
591 930 791 969 potestate
825 920 947 968 prolis
982 920 1128 956 dicitur
1158 920 1426 956 communiter
1459 920 1565 966 quod
1610 932 1671 955 res
1704 920 1823 955 habet

510 979 650 1027 triplex
710 991 792 1015 esse
846 986 1039 1024 creatum,
1099 977 1250 1014 scilicet
1300 977 1340 1013 in
1393 976 1522 1012 causis
1576 976 1730 1022 creatis,
1784 977 1823 1012 in

511 1049 593 1073 esse
616 1036 823 1072 individuo
847 1036 1071 1082 existencie‚
1107 1044 1145 1072 et
1176 1034 1216 1070 in
1239 1035 1370 1071 fructu
1402 1035 1463 1070 vel
1496 1033 1658 1080 effectu3
1691 1034 1822 1082 primo

512 1096 632 1130 modo
677 1107 815 1130 omnes
860 1093 1043 1130 homines
1091 1094 1252 1129 fuerunt
1297 1093 1337 1128 in
1383 1091 1514 1140 specie
1566 1093 1741 1129 humana
1786 1101 1823 1128 et

510 1151 763 1200 primordiali
809 1151 989 1197 materia,
1042 1151 1143 1187 sicut
1187 1159 1223 1186 et
1266 1159 1395 1186 totum
1440 1162 1564 1198 genus
1610 1150 1878 1186 hominum15

510 1209 583 1245 fuit
615 1209 655 1245 in
688 1211 832 1253 Adam7
867 1218 903 1245 et
937 1209 992 1245 sic
1026 1208 1171 1245 dicitur
1214 1208 1332 1244 fuisse
1364 1207 1405 1243 in
1449 1216 1645 1255 potestate
1691 1208 1821 1244 cuius-

510 1267 604 1303 libet
628 1267 848 1315 peccatoris
873 1266 1094 1303 declinasse
1127 1274 1353 1314 peccatum,
1389 1265 1491 1301 sicut
1523 1265 1669 1302 dicitur
1702 1277 1821 1302 omne

510 1334 720 1373 peccatum
766 1337 936 1373 sequens
979 1324 1021 1360 in
1066 1324 1227 1360 homine
1271 1323 1391 1359 fuisse
1429 1323 1469 1359 in
1503 1332 1667 1371 peccato
1700 1323 1822 1371 primi

511 1382 687 1419 hominis
716 1380 720 1434 Ι
749 1391 944 1430 tanquam
990 1375 1029 1418 in
1061 1395 1131 1418 sua
1171 1394 1305 1425 causa,
1352 1390 1388 1417 et
1440 1393 1561 1417 omne
1612 1390 1820 1428 peccatum
1860 1385 1925 1426 237

509 1440 723 1477 causaliter
756 1442 973 1488 precedens
1007 1440 1126 1476 fuisse
1159 1439 1200 1475 in
1223 1448 1388 1487 peccato
1412 1447 1603 1486 sequente
1626 1448 1820 1487 tanquam
1839 1452 1879 1473 20

510 1511 581 1535 suo
625 1498 767 1536 fructu.
821 1500 899 1534 Sed
944 1500 1100 1534 detecta
1133 1497 1199 1533 illa
1233 1496 1545 1545 equivocacione
1579 1505 1615 1532 et
1647 1497 1821 1533 limitato

509 1568 626 1592 sensu
658 1557 707 1592 ad
741 1568 824 1592 esse
856 1555 1109 1591 individuum
1143 1555 1212 1601 rei,
1248 1555 1400 1591 videtur
1433 1555 1540 1602 quod
1565 1554 1666 1590 sicut
1689 1555 1821 1602 proles

510 1623 567 1650 est
609 1614 813 1650 laudanda
857 1622 1022 1661 propter
1065 1613 1162 1649 illud
1208 1613 1317 1660 quod
1362 1620 1419 1648 est
1462 1620 1570 1648 extra
1607 1625 1720 1648 suam
1753 1625 1822 1660 po-

509 1680 708 1717 testatem,
742 1681 785 1707 ut
818 1680 926 1719 patet
959 1672 1006 1707 de
1039 1670 1223 1718 originali
1253 1670 1424 1716 iusticia,
1458 1669 1514 1706 sic
1543 1678 1599 1706 est
1623 1670 1822 1718 culpanda

509 1738 673 1777 propter
705 1729 942 1777 originalem
976 1728 1233 1774 iniusfficiam,
1268 1727 1362 1776 quia
1394 1727 1467 1764 scit
1499 1739 1568 1775 per
1600 1727 1728 1775 ipsam
1761 1728 1823 1764 vel
1839 1731 1877 1762 25

510 1800 625 1823 suum
661 1796 836 1823 creatum
874 1786 1116 1835 principium
1152 1787 1259 1834 quod
1294 1795 1351 1822 est
1382 1785 1487 1821 idem
1518 1798 1609 1821 cum
1633 1785 1719 1833 ipsa
1742 1798 1821 1833 quo

512 1845 642 1881 minus
676 1846 821 1881 habeat
854 1846 975 1881 talem
1009 1844 1226 1880 iusticiam.
1280 1845 1372 1879 Ideo
1406 1844 1465 1879 vel
1498 1855 1578 1879 non
1610 1844 1821 1880 laudemus

510 1902 716 1939 hominem
761 1911 926 1950 propter
969 1902 1206 1950 originalem
1259 1901 1458 1938 iusticiam
1503 1902 1563 1937 vel
1615 1902 1822 1949 culpemus

510 1973 599 1996 eum
634 1970 800 2008 propter
832 1960 1067 2008 originalem
1103 1959 1362 1996 iniusticiam.
1410 1959 1519 1995 Sicut
1553 1959 1657 1995 enim
1691 1960 1822 2007 proles

509 2018 725 2066 participat
758 2018 902 2054 merito
935 2030 1003 2054 sue
1037 2017 1210 2067 originis,
1249 2017 1304 2053 sic
1337 2017 1592 2065 participabit
1625 2019 1672 2053 de
1707 2030 1821 2065 pena.
1840 2021 1879 2054 30

510 2076 746 2124 Specialiter
769 2075 968 2112 contrahit
991 2084 1201 2123 peccatum
1225 2075 1435 2123 proprium
1458 2077 1567 2123 quod
1591 2084 1647 2111 est
1680 2075 1821 2111 funda-

511 2143 690 2170 mentum
715 2133 755 2169 in
780 2146 862 2169 esse
885 2133 1060 2170 naturali
1085 2142 1294 2169 contracto
1318 2146 1339 2169 a
1363 2145 1433 2168 sua
1456 2133 1622 2181 origine.
1656 2134 1821 2169 Verum-

509 2200 644 2228 tamen
668 2191 784 2227 aliter
806 2204 943 2227 sumus
966 2191 1157 2227 laudandi
1181 2199 1301 2239 atque
1325 2191 1512 2238 culpandi
1536 2192 1634 2227 adeo
1657 2199 1822 2238 propter

510 2250 588 2285 tale
621 2248 815 2297 originale
861 2258 898 2285 et
943 2249 1058 2285 aliter
1101 2257 1266 2297 propter
1310 2249 1509 2284 maculam
1543 2250 1603 2285 vel
1634 2248 1819 2285 virtutem

510 2307 704 2351 elicitam;
758 2307 848 2343 ideo
895 2308 1055 2343 laudem
1105 2307 1213 2343 illam
1258 2307 1319 2342 vel
1365 2306 1608 2354 vituperium
1661 2306 1876 2354 ignorat35

508 2365 755 2408 Aristoteles,
810 2374 847 2401 et
880 2365 935 2401 sic
979 2364 1136 2412 gravius
1180 2372 1391 2412 peccantes
1436 2364 1686 2412 originaliter
1730 2373 1821 2399 sunt

510 2425 592 2458 Deo
627 2422 752 2470 magis
784 2422 944 2470 ingrati.
979 2424 1071 2458 Ideo
1104 2422 1206 2458 sicut
1239 2422 1508 2458 beneficencia
1540 2435 1610 2458 sua
1643 2421 1821 2469 precedit

510 2480 822 2516 beneficenciam
866 2481 1098 2526 humanam,
1145 2479 1201 2516 sic
1245 2479 1355 2527 prius
1399 2480 1536 2516 laudat
1579 2480 1639 2516 vel
1687 2479 1821 2527 culpat

509 2551 628 2586 quam
675 2539 810 2584 homo,
857 2551 946 2573 cum
993 2539 1109 2574 debet
1154 2537 1264 2585 prius
1310 2538 1472 2573 homine
1518 2537 1669 2585 exigere
1701 2536 1821 2573 servi-

509 2604 635 2632 tutem
689 2608 732 2631 ex
784 2595 991 2643 prioritate
1044 2595 1103 2631 sui
1157 2594 1337 2632 dominii.
1390 2595 1450 2631 Ad
1495 2595 1679 2631 ultimam
1728 2607 1820 2631 con·
1835 2609 1880 2639 40

510 2653 729 2689 elusionem
774 2653 931 2689 inanem
979 2653 1124 2689 dicitur
1172 2654 1279 2700 quod
1325 2654 1430 2689 Deus
1475 2652 1621 2689 creavit
1666 2652 1820 2688 animas

509 2723 608 2759 quas
661 2710 775 2747 scivit
828 2723 910 2747 esse
951 2712 1231 2759 dampnandas
1280 2712 1329 2746 ad
1375 2710 1704 2747 benefaciendum
1752 2722 1820 2746 sue

576 2852 623 2877 42.
645 2843 740 2871 Cod.:
759 2844 816 2871 sui.
