2050 3292
227 216 316 245 CAP.
336 207 434 260 nt]
696 216 830 248 LIBER
856 215 1060 249 TERTIUS.

224 331 371 362 teretur
386 336 459 360 non
476 322 804 367 comminabatur;
827 333 920 369 ergo
936 333 1016 358 non
1040 320 1187 357 debent
1203 331 1286 356 esse
1303 326 1534 356 executores

222 381 465 419 severissime
498 393 615 417 cause
648 379 779 426 civilis,
813 391 889 427 que
922 387 978 415 est
1009 379 1209 414 hominem
1242 376 1436 416 occidere.

154 444 184 475 T
281 440 393 477 Unde
431 440 563 484 XXIII,
605 439 808 486 questione
836 437 920 472 VIII
954 438 990 471 in
1028 437 1231 483 principio,
1277 436 1330 470 sic
1374 435 1532 470 dicitur:

224 497 286 534 De
323 497 510 546 episcopis
549 507 639 531 vero
679 496 739 531 vel
777 495 824 530 de
860 494 1087 543 quibuslibet
1119 492 1281 537 clericis,
1321 493 1423 541 quod
1466 503 1533 527 nec

190 558 291 591 §sua
332 554 561 590 auctoritate
604 564 670 588 nec
708 551 939 588 auctoritate
977 551 1146 587 Romani
1183 549 1377 599 pontificis
1420 562 1532 584 arma

222 612 403 661 arripere
434 612 598 655 valeant,
623 610 750 658 facile
777 610 983 658 probatur.
1036 608 1130 644 Cum
1170 608 1268 643 enim
1302 607 1440 643 Petrus
1473 607 1536 655 qui

218 670 372 719 primus
403 669 665 718 apostolorum
698 681 719 703 a
753 667 921 703 Domino
945 666 1086 714 fuerat
1118 666 1258 702 electus
1291 665 1531 701 materialem

221 727 398 777 gladium
443 733 655 771 exerceret,
708 732 748 760 ut
792 725 1026 775 magistrum
1071 736 1093 759 a
1136 724 1348 760 Judeorum
1393 722 1533 758 iniuria

225 785 460 833 defensaret,
492 783 658 820 audivit:
696 783 886 818 Converte
916 782 1093 833 gladium
1128 789 1231 817 tuum
1267 781 1302 816 in
1336 781 1532 830 vaginam,

169 843 347 878 momnis
383 843 479 878 enim
519 842 582 890 qui
616 841 794 891 gladium
834 840 1024 889 acceperit
1062 839 1197 889 gladio
1231 838 1386 888 peribit,
1426 850 1471 874 ac
1501 838 1535 873 si

222 907 355 950 aperte
398 900 591 936 diceretur
636 898 690 935 ei:
741 905 896 934 actenus
939 897 1006 933 tibi
1048 903 1083 932 et
1127 896 1201 932 tuis
1250 896 1535 932 successoribus

222 958 395 994 inimicos
423 957 498 993 Dei
526 956 663 1008 gladio
696 956 896 1005 corporali
929 955 1034 991 licuit
1061 954 1255 1003 persequi,
1289 954 1465 1002 deinceps
1498 954 1533 988 in

222 1016 442 1064 exemplum
471 1014 666 1064 paciencie
697 1013 877 1064 gladium
912 1020 1016 1048 tuum
1050 1019 1206 1048 actenus
1244 1023 1463 1047 concessum
1497 1011 1533 1046 in

223 1074 405 1123 vaginam
439 1079 620 1109 converte
652 1078 685 1106 et
717 1070 958 1120 spiritualem
992 1077 1098 1106 tuum
1135 1069 1313 1120 gladium
1347 1069 1448 1117 quod
1480 1076 1534 1104 est

168 1134 203 1166 15
223 1132 380 1167 verbum
403 1131 479 1166 Dei
499 1130 535 1166 in
559 1129 795 1166 mactacione
818 1129 960 1165 veteris
983 1128 1057 1163 vite
1089 1139 1251 1172 exerce;
1283 1127 1404 1162 omnis
1436 1126 1533 1161 enim

217 1197 354 1238 preter
392 1189 513 1235 illum,
548 1188 607 1223 vel
638 1187 868 1223 auctoritate
900 1186 992 1231 eius,
1032 1185 1096 1234 qui
1127 1184 1319 1235 legittima
1346 1191 1536 1234 potestate

108 1247 183 1280 181d
223 1247 355 1290 utitur,
398 1246 473 1295 qui,
518 1253 558 1281 ut
600 1245 654 1281 ait
685 1245 906 1295 Apostolus,
951 1255 1024 1279 non
1061 1243 1142 1279 sine
1180 1255 1294 1278 causa
1324 1237 1326 1295 l
1356 1242 1534 1292 gladium

218 1312 364 1353 portat,
409 1305 469 1340 cui
511 1310 545 1340 et
590 1303 712 1339 omnis
754 1303 882 1339 anima
920 1301 1087 1338 subiecta
1120 1312 1201 1336 esse
1233 1300 1361 1336 debet:
1399 1300 1534 1345 omnis,

223 1363 388 1411 inquam,
421 1361 485 1410 qui
516 1368 650 1410 preter
681 1361 953 1397 auctoritatem
987 1358 1098 1394 huius
1135 1358 1311 1408 gladium
1345 1357 1536 1406 acceperit

168 1433 208 1454 20
221 1420 357 1470 gladio
384 1419 540 1469 peribit.
573 1419 666 1454 Item
699 1417 945 1454 Ambrosius:
976 1416 1097 1451 Arma
1121 1415 1289 1465 episcopi
1311 1415 1472 1451 lacrime
1503 1421 1536 1450 et

224 1478 435 1514 oraciones.
468 1478 561 1512 Item
583 1476 811 1526 Apostolus:
843 1476 928 1512 Non
959 1482 1104 1510 vosmet
1136 1474 1239 1522 ipsos
1271 1473 1532 1522 defendentes,

224 1535 428 1582 carissimi,
462 1534 636 1583 quamvis
665 1534 838 1570 omnibus
860 1532 1101 1584 generaliter
1123 1532 1290 1577 dicatur,
1313 1531 1534 1580 specialiter

224 1601 351 1629 tamen
377 1592 543 1642 prelatis
575 1592 717 1628 dictum
751 1591 998 1642 intelligitur.

284 1651 487 1696 Quotlibet
525 1659 615 1686 sunt
652 1650 747 1686 talia
785 1648 891 1685 dicta
930 1656 1161 1685 sanctorum
1194 1655 1232 1683 et
1264 1645 1458 1695 raciones,
1492 1654 1535 1682 ut

169 1713 208 1744 25
224 1717 334 1756 patet
372 1709 544 1756 capitulo
576 1708 680 1743 XVII
721 1717 758 1744 et
790 1707 929 1743 ultimo
962 1706 1011 1741 IV
1043 1704 1135 1741 libri
1167 1703 1298 1748 huius,
1332 1717 1410 1752 que
1443 1716 1535 1740 con-

227 1767 388 1802 firmant
420 1767 533 1802 istam
567 1765 823 1802 sentenciam.

1739 220 1820 258 449

283 1825 360 1860 Sed
403 1825 442 1860 in
486 1825 783 1860 excusacionem
829 1821 984 1870 peccati
1029 1820 1188 1867 fingitur
1232 1820 1369 1867 triplex
1412 1819 1534 1866 glosa,
1575 1828 1600 1855 It
1619 1827 1646 1854 is
1668 1827 1731 1854 said
1752 1827 1802 1855 the

225 1883 353 1929 prima
396 1882 503 1930 quod
547 1894 626 1917 non
669 1893 739 1928 per
783 1892 824 1916 se
867 1881 936 1916 sed
981 1891 1052 1927 per
1104 1879 1299 1914 ministros
1356 1885 1567 1925 pugnantfi

226 1940 373 1984 clerici;
389 1940 491 1975 unde
505 1940 637 1984 XXIII,
655 1940 859 1986 questione
873 1938 970 1982 VIII,
995 1936 1217 1984 Quicunque
1251 1944 1338 1983 post
1353 1934 1534 1983 predicta

1568 1862 1652 1898 lcrgy
1679 1870 1749 1897 may
1769 1866 1824 1889 not

1572 1897 1624 1932 ght
1644 1898 1675 1924 in
1698 1905 1811 1931 person

1551 1932 1604 1959 but
1625 1940 1695 1966 may
1716 1932 1756 1958 do
1780 1939 1814 1958 so

1612 1966 1745 2001 through

171 2003 211 2033 30
227 1998 383 2033 decreta
417 1998 583 2044 allegata
615 1998 669 2032 sic
712 1995 917 2033 scribitur:
964 1994 1052 2030 Hiis
1085 1994 1211 2042 itaque
1257 1995 1533 2043 respondetur:
1561 2001 1640 2029 their
1660 2006 1813 2029 servants.

227 2055 456 2091 Sacerdotes
484 2054 649 2103 propria
683 2066 796 2100 manu
829 2065 940 2088 arma
973 2051 1150 2100 arripere
1181 2063 1254 2087 non
1288 2052 1433 2098 dehent,
1466 2050 1534 2086 sed

225 2113 323 2148 alios
356 2113 406 2147 ad
448 2112 716 2161 arripiendum
760 2112 812 2146 ad
845 2121 1119 2160 oppressorum
1158 2108 1431 2157 defensionem,
1485 2108 1536 2143 ad

226 2170 465 2206 inimicorum
489 2169 564 2205 Dei
585 2169 915 2219 oppugnacionem
940 2167 992 2203 eis
1014 2167 1100 2202 licet
1122 2166 1288 2204 hortari.
1322 2169 1370 2202 Et
1392 2166 1537 2214 probat

228 2228 303 2263 hoc
342 2240 411 2275 per
449 2228 552 2275 leges
593 2227 840 2274 multiplices,
893 2226 1009 2271 Quod
1052 2224 1084 2260 si
1123 2225 1293 2261 addatur
1334 2224 1537 2260 sentencia

172 2284 329 2321 35dieta
362 2286 480 2321 XVIII
514 2286 644 2332 quarti
682 2285 808 2330 huius,
849 2284 957 2331 quod
996 2294 1105 2318 nemo
1144 2282 1180 2317 in
1220 2293 1335 2318 causa
1369 2280 1537 2331 propria

226 2343 294 2378 sed
336 2343 372 2378 in
408 2355 508 2391 pure
545 2354 661 2379 causa
693 2341 771 2379 Dei
808 2342 915 2377 debet
952 2340 1006 2376 sic
1033 2352 1228 2390 pugnare,
1268 2340 1361 2388 quin
1400 2340 1537 2387 pocius

200 2417 203 2419 >
228 2401 360 2436 omnia
381 2401 618 2448 temporalia
643 2400 779 2436 mundi
809 2399 1033 2447 relinquere
1057 2406 1094 2433 et
1120 2397 1340 2445 specialiter
1372 2397 1537 2433 clericus

298 2554 318 2573 1.
340 2545 434 2573 Cod.:
461 2549 640 2578 exactores‚·
665 2553 744 2572 corr.
766 2545 796 2572 in
819 2552 915 2579 marg.
988 2543 1015 2571 8.
1038 2542 1133 2570 Cod.:
1158 2549 1312 2570 exercere.
1387 2550 1421 2569 ιι.
1442 2542 1536 2570 Cod.:

226 2580 353 2608 diceret.
427 2589 470 2614 14.
491 2581 586 2608 Cod.:
608 2582 798 2607 convertere.
870 2587 914 2614 27.
936 2578 1049 2613 triplex
1069 2578 1147 2612 (sic).
1168 2577 1273 2604 Recte:
1294 2577 1416 2612 duplex.

299 2664 327 2696 3.
356 2664 539 2695 Gratianus
566 2664 608 2695 ad
635 2673 667 2704 q.
686 2663 772 2697 VIII.
868 2674 899 2706 9.
927 2662 1046 2695 Matth.
1064 2662 1182 2704 XXVI,
1207 2662 1259 2695 52.
1360 2672 1408 2703 17.
1436 2662 1538 2693 Rom.

228 2710 313 2749 XIII,
350 2720 381 2750 4.
485 2720 540 2741 20.
578 2711 641 2751 Ep.
681 2715 798 2741 contra
836 2711 1058 2742 Auxentium.
1156 2718 1208 2739 21.
1234 2708 1337 2739 Rom.
1373 2708 1444 2750 XII,
1490 2718 1537 2750 19.

231 2756 284 2788 25.
316 2756 365 2787 De
398 2756 498 2787 Civili
532 2756 696 2787 Dominio
729 2756 769 2798 II,
801 2766 877 2798 pag.
912 2757 987 2797 233,
1021 2754 1098 2788 258.
1194 2754 1248 2787 30.
1281 2755 1464 2786 Gratianus
1496 2754 1537 2785 ad

230 2812 303 2844 cap.
327 2802 384 2833 VI.
415 2802 629 2844 Quicunque.
726 2802 778 2835 35.
805 2803 856 2833 De
883 2802 983 2834 Civili
1009 2801 1172 2834 Dominio
1199 2801 1238 2841 ΙΙ,
1264 2810 1342 2842 pag.
1370 2800 1445 2842 267.

300 2868 343 2895 De
364 2867 452 2895 Civili
472 2868 630 2895 Dominio.
651 2868 703 2895 111.
1359 2880 1400 2913 29

1578 2037 1661 2064 Even
1683 2044 1717 2063 so
1737 2037 1788 2064 the

1596 2079 1686 2098 cause
1708 2075 1791 2098 must

1604 2107 1639 2133 be
1662 2107 1771 2141 purely

1630 2140 1734 2168 God‘s.
